2324 4020
295 789 544 874 coauanu
574 785 817 875 auroris·

104 959 249 1034 LIBER
276 959 340 1032 Du
368 960 762 1034 EXOELLENTIBUS
790 958 991 1032 DUABUS

203 1087 205 1089 ’
258 1114 568 1181 nxrnanaun
600 1113 838 1180 cnumcri.

438 1305 650 1361 PRAEFATIO.

131 1415 208 1480 Non
226 1413 339 1480 dubito
357 1414 427 1479 fore
444 1416 625 1498 plerosque,
644 1414 763 1498 Attice,
787 1414 843 1503 qui
865 1414 928 1478 hoc
947 1433 1048 1499 genus
1069 1437 1083 1485 1
1154 1417 1156 1428 ⁵

53 1504 223 1588 scripturae
247 1504 315 1567 leve
339 1506 372 1567 et
393 1524 460 1567 non
483 1504 563 1567 satis
587 1503 721 1586 dignum
745 1523 946 1567 summorum
966 1503 1049 1567 viro·

53 1615 116 1657 mm
138 1591 284 1676 personis
308 1591 460 1673 iudicent,
486 1613 559 1655 cum
581 1591 721 1655 relatum
744 1591 863 1675 legent,
887 1591 959 1674 quis
983 1613 1050 1655 mu-

53 1680 145 1745 sicam
168 1679 313 1744 docuerit
334 1678 607 1762 Epaminondam,
638 1681 695 1741 aut
722 1679 757 1742 in
780 1678 849 1742 eius
872 1679 1049 1743 virtutibus

54 1768 298 1849 commemorari,
318 1767 454 1830 saltasse
470 1788 543 1829 eum
558 1767 725 1830 commode
740 1766 941 1849 scienterque
958 1766 1050 1831 tibiis

58 1860 202 1920 cantasse.
244 1855 300 1919 sed
326 1855 362 1918 hi
389 1857 484 1918 erunt
506 1853 586 1938 fere,
617 1855 672 1938 qui
696 1856 843 1937 expertes
866 1853 1085 1922 litterarum

60 1941 242 2008 Graecarum
263 1942 345 2006 nihil
368 1947 507 2026 rectum,
533 1942 598 2005 nisi
626 1942 712 2024 quod
734 1942 881 2024 ipsorum
904 1941 1050 2006 moribus

60 2033 224 2116 conveniat,
246 2031 418 2114 putabunt
449 2029 475 2093 ii
493 2029 521 2094 si
542 2029 714 2094 didicerint
730 2051 797 2094 non
815 2030 927 2093 eadem
951 2029 1051 2094 omni·
1069 2052 1085 2099 3

61 2116 109 2182 bus
133 2141 202 2184 esse
229 2120 367 2184 honesta
394 2122 491 2200 atque
519 2118 640 2202 turpia,
670 2119 726 2182 sed
755 2118 863 2182 omnic
891 2117 1051 2182 maiorum

60 2204 205 2271 institutis
228 2207 372 2290 iudicari,
394 2227 461 2293 non
479 2206 725 2270 admirabuntur
743 2227 803 2270 nos
824 2207 858 2269 in
877 2205 1051 2271 Graiorum

53 2293 221 2360 succubus
251 2294 446 2378 exponendis
480 2315 586 2358 mores
620 2316 731 2358 eorum
764 2298 901 2359 secutos.
946 2315 1086 2377 nequet

53 2373 132 2461 {cuim
158 2383 286 2449 Cimoni
314 2381 377 2446 fuit
404 2385 512 2465 turpe,
538 2381 789 2446 Atheniensium
817 2403 942 2446 summo
970 2382 1051 2465 viro,
1147 2437 1150 2445 .

53 2469 191 2554 lsororem
209 2492 397 2557 germanam
414 2470 533 2534 habere
552 2471 587 2533 in
605 2471 822 2555 matrimonio,
842 2471 960 2553 quippe
977 2491 1051 2534 curn

53 2555 131 2622 [cives
158 2560 226 2623 eius
254 2560 366 2624 eodem
393 2562 563 2622 uterentur
590 2559 753 2624 instituto.
795 2562 830 2623 at
859 2558 892 2622 id
921 2557 1051 2642 quidem

53 2646 166 2735 {uostris
190 2648 334 2711 moribus
357 2645 448 2711 nefas
466 2647 614 2711 habetur.
646 2647 734 2711 laudi
752 2647 787 2711 in
806 2645 904 2712 Creta
922 2647 1052 2712 ducitur

53 2731 293 2799 [adulescentulis
308 2756 406 2817 quarn
421 2735 580 2818 plurimos
598 2735 752 2801 habuisse
767 2739 938 2800 amatores.
961 2735 1051 2799 nulla
1148 2787 1151 2813 p

53 2800 277 2907 {Lacedaemoni
293 2822 390 2887 vidua
408 2827 476 2886 tam
491 2826 542 2886 est
560 2823 689 2906 nobilis,
708 2845 789 2906 quae
803 2845 870 2887 non
884 2823 924 2887 ad
939 2845 1051 2888 cenam

53 2912 103 2995 {eat
120 2911 289 2992 [mercede]
305 2909 495 2975 condictam.
526 2911 653 2996 magnis
672 2912 707 2975 in
725 2911 874 2975 laudibus
894 2914 966 2975 tota
983 2910 1051 2975 fere
1070 2929 1086 2978 5

53 2989 111 3087 'pluit
124 2996 258 3063 Graecia
276 2997 432 3063 victorem
447 2997 617 3082 Olympiae
636 2999 740 3084 citari,
758 2999 793 3063 in
812 3021 961 3064 scaenam
975 3021 1050 3064 vero

53 3084 172 3173 {prodire
200 3108 237 3151 ac
263 3086 384 3170 populo
413 3081 485 3151 esse*
511 3087 696 3170 spectaculo
723 3086 846 3152 nemini
873 3088 908 3151 in
931 3088 1052 3151 eisdem

53 3173 195 3267 pentibus
213 3173 277 3239 fuit
296 3173 500 3257 turpitudini.
533 3195 614 3257 quae
630 3174 739 3243 omnia
752 3175 838 3258 apud
855 3197 916 3239 nos
929 3175 1051 3258 partim

53 3256 629 3415 liidiePalillrahllffilaitl
645 3263 1086 3416 lttlznlltttetllt

53 3358 171 3563 decore,
199 3401 280 3522 duae
304 3373 486 3520 apudilloi
510 3372 619 3522 tuiiiia
641 3443 807 3522 putantur.
845 3458 941 3520 quem
964 3436 1052 3499 enim
