2324 4020
116 204 160 269 60
391 202 451 259 XV.
470 201 744 258 EPAMINONDAS.
773 210 797 257 7.
817 209 843 257 8.

82 351 99 412 7
203 347 318 413 Fuisse
350 348 531 432 patientem
563 368 760 430 suorumque
797 347 934 412 iniurias
970 346 1049 412 ferei

116 437 245 521 civium,
268 436 354 521 quod
377 458 411 501 sc
431 435 557 520 patriae
576 436 674 501 irasci
689 434 781 500 nefas
796 455 867 499 esse
885 436 1031 519 duceret,

116 529 194 590 sunt
211 525 409 590 testimonia.
448 546 521 589 cum
540 545 614 588 eum
636 527 772 608 propter
793 522 952 588 invidiam
973 523 1049 590 cive«

115 613 289 697 praeficere
318 613 473 678 exercitui
500 609 682 676 noluissent
709 610 836 694 duxque
865 615 954 677 esset
984 612 1049 677 dele

115 701 195 766 belli
218 701 403 784 imperitus,
426 701 517 765 cuius
541 720 650 764 errore
672 719 721 763 res
743 720 780 763 eo
805 703 892 765 esset
915 699 1049 765 deducta

117 811 228 853 omnes
261 789 300 852 de
330 788 435 853 salute
467 787 746 871 pertimescerent,
779 786 865 872 quod
897 788 1047 853 locorum

115 876 234 964 gustiis
267 877 369 941 clausi
401 876 442 941 ab
478 875 630 940 hostibus
663 874 914 958 obsidebantur,
952 876 1049 941 desid

116 969 232 1047 coepta
255 968 306 1028 est
323 963 570 1048 Epaminondae
592 963 776 1049 diligentia:
799 964 978 1028 eratenim
1000 965 1047 1028 ibi

80 1056 211 1116 aratus
234 1073 369 1117 numero
389 1051 514 1116 militis.
547 1073 740 1135 aquosum
763 1055 914 1135 peterent
932 1073 1038 1136 opem,

116 1140 183 1204 lam
207 1139 356 1205 adhibuit
379 1140 571 1206 memoriam
589 1139 805 1205 contumeliae
823 1142 857 1203 et
874 1140 1049 1205 exercitum

81 1244 97 1290 a
117 1227 240 1293 sidione
258 1229 435 1294 liberatum
449 1228 581 1293 domum
600 1227 728 1293 reduxit
746 1227 951 1294 incolumem
979 1250 1038 1293 nec

116 1316 179 1381 hoc
208 1317 309 1381 semel
338 1316 430 1400 fecit,
463 1316 520 1381 sed
556 1316 694 1400 saepius.
749 1315 888 1380 maxime
921 1319 1034 1380 autem

116 1403 254 1488 illustre,
276 1426 350 1470 cum
369 1405 404 1468 in
422 1403 682 1488 Peloponnesum
705 1404 882 1469 exereitum
906 1403 1049 1469 duxisset

116 1512 229 1556 versus
250 1490 524 1558 Lacedaemonios
547 1493 746 1576 haberetque
770 1492 912 1577 collegas
937 1492 1029 1577 duos,

116 1584 189 1642 rum
212 1579 297 1644 alter
319 1584 391 1644 erat
413 1578 600 1664 Pelopidas,
627 1580 678 1644 vir
704 1579 801 1645 fortis
824 1601 862 1645 ac
886 1585 1047 1645 sirannus.

117 1688 191 1731 cum
214 1667 405 1733 criminibus
429 1667 688 1733 adversariorum
711 1689 823 1732 omnes
845 1667 881 1732 in
903 1669 1049 1734 invidiam

116 1755 243 1820 nissent
266 1757 308 1821 ob
332 1778 467 1840 eamque
490 1778 559 1821 rem
577 1756 751 1840 imperium
770 1756 811 1820 iis
826 1761 913 1821 esset
931 1757 1049 1842 abroga

118 1847 217 1927 atque
249 1844 283 1908 in
315 1866 428 1909 eorum
459 1846 567 1910 locum
599 1844 657 1908 alii
687 1848 854 1928 praetores
886 1846 1049 1911 successio

82 1930 361 2015 lEpaminondas
384 1933 498 2017 populi
522 1933 605 1997 scito
627 1953 695 1996 non
716 1932 827 2016 paruit
850 1932 1001 2016 idemque
1022 1939 1049 1997 ul

118 2024 228 2085 eercnt
249 2021 413 2105 persuasit
436 2021 571 2106 collegis
594 2024 628 2084 et
650 2019 786 2104 bellum,
816 2019 903 2104 quod
930 2042 1049 2106 suscep

117 2108 228 2192 gessit.
262 2129 403 2191 namque
422 2108 710 2192 animadvertebat,
727 2108 791 2172 nisi
809 2108 843 2172 id
861 2106 1003 2194 fecisset,
1021 2113 1049 2174 tc

118 2196 296 2259 exercitum
318 2199 453 2280 propter
474 2201 662 2280 praetorum
680 2195 933 2279 imprudentiam
951 2198 1049 2263 insoit

83 2296 180 2364 oque
212 2281 291 2346 belli
322 2282 512 2366 periturum.
557 2284 610 2348 lex
641 2289 713 2349 erat
740 2283 874 2367 Thebis,
907 2306 991 2368 qnae
1023 2308 1049 2349 m

118 2369 293 2454 multabat,
317 2370 346 2435 si
370 2371 442 2454 quis
465 2371 640 2456 imperium
662 2371 785 2437 diutius
807 2372 1007 2457 retinuisset,
1030 2395 1049 2457 q

117 2457 188 2544 lege
220 2458 429 2543 praefinitum
456 2458 550 2525 foret.
595 2460 678 2525 hanc
706 2459 950 2544 Epaminondas
979 2483 1049 2526 curn

116 2547 266 2630 publicae
289 2548 528 2614 conservandae
551 2547 774 2613 consolatam
796 2548 936 2632 videret,
961 2549 1001 2613 ad
1024 2572 1049 2633 p

118 2634 200 2699 ciem
227 2636 371 2702 civitatis
400 2635 539 2701 conferri
570 2636 678 2700 noluit
709 2640 743 2700 ct
773 2639 929 2719 quattuor
962 2658 1049 2702 mens

117 2720 249 2806 diutius,
273 2745 371 2807 quam
393 2724 533 2808 populus
556 2723 706 2807 iusserat,
729 2724 834 2810 gessit
856 2725 1041 2808 imperium.

83 2807 102 2871 8
206 2809 386 2894 Postquam
410 2811 541 2875 domum
564 2811 707 2876 reditum
730 2815 789 2894 est,
813 2812 958 2896 collegae
977 2813 1046 2878 eius

118 2896 252 2961 crimine
271 2899 516 2963 accusabantur.
550 2898 668 2981 quibus
687 2898 743 2963 ille
764 2900 924 2982 permisit,
947 2904 986 2964 nt
1000 2922 1049 2966 om

118 3004 249 3048 causam
272 2985 307 3048 in
331 3007 365 3049 sc
387 2985 604 3050 transferrent
627 3007 749 3069 suaque
778 3008 878 3070 opera
904 2986 1030 3053 factum

117 3070 297 3155 tenderent,
319 3076 357 3136 ut
375 3073 441 3158 legi
458 3094 526 3139 non
544 3074 742 3138 oboedirent.
780 3095 845 3157 qua
858 3073 1045 3141 defensione

117 3159 262 3242 periculo
295 3159 445 3225 liberatis
475 3183 571 3227 nemo
605 3161 866 3246 Epaminondam
898 3185 1049 3248 responsu

84 3248 270 3331 aputabat,
293 3248 380 3331 qnod
407 3248 485 3331 quid
513 3249 635 3315 diceret
666 3270 733 3315 non
759 3250 904 3315 haberet.
950 3256 986 3316 at
1013 3253 1049 3317 ill

118 3334 274 3401 iudicium
297 3336 399 3419 venit,
430 3336 512 3401 nihil
541 3358 652 3402 eorum
674 3339 820 3424 negavit,
847 3360 930 3422 quae
954 3340 1049 3407 adver

119 3422 247 3487 crimini
270 3422 401 3508 dabant,
425 3425 606 3509 omniaque,
626 3447 708 3509 quae
723 3425 867 3511 collegae
882 3427 1042 3513 dixerant,

118 3507 224 3574 fessos
255 3516 307 3575 est
337 3533 441 3596 neque
475 3514 637 3579 recusarit
671 3514 843 3599 quominus
876 3516 961 3601 legis
993 3540 1049 3602 po<
