2324 4020
312 250 384 306 XIII.
404 251 625 309 TIMOTHEUS.
655 259 679 309 2.
699 260 723 308 3.
981 253 1023 316 47

53 419 77 461 ιε
93 397 169 461 dein
183 396 329 461 adiunxit
338 396 503 482 Epirotas,
513 396 724 481 Athamanas,
739 396 888 464 Chaonas
901 419 1026 463 omnes·

53 507 78 549 re
103 507 159 549 eas
181 490 310 570 gentes,
334 508 415 570 quae
439 508 528 552 mare
550 486 632 551 illud
655 486 811 552 adiacent.
848 508 912 570 quo
935 485 1023 553 facto
1043 503 1059 551 2

53 573 264 638 rcedaemonii
295 573 334 637 de
366 574 492 639 diutina
524 575 731 640 contentione
764 575 961 640 destiterunt
990 580 1025 640 et

55 684 75 726 a
90 666 207 745 sponte
221 661 476 728 Atheniensibus
491 662 619 747 imperii
633 663 791 728 maritimi
805 663 1025 748 principatum

54 755 259 835 ncesserunt,
286 772 461 835 pacemque
489 752 530 815 iis
554 751 682 837 legibus
706 753 960 836 constituenmt,
986 756 1025 816 ut

54 838 235 904 thenienses
258 839 340 902 mari
363 839 459 904 duces
483 844 600 904 essent.
646 862 728 924 quae
751 841 889 906 victoria
911 844 1024 904 tantae

54 927 79 990 lt
93 927 215 991 Atticis
233 926 389 1011 laetitiae,
407 930 444 991 ut
462 931 533 992 tum
551 929 693 1011 primum
712 951 786 994 arae
801 929 879 994 Paci
895 929 1023 1013 publice
1079 961 1082 966 ·

54 1020 83 1079 rt
106 1015 211 1081 factae
234 1016 327 1099 eique
351 1015 427 1080 deae
451 1016 600 1099 pulvinar
623 1016 667 1081 sit
689 1017 887 1082 institutum.
933 1018 1023 1082 cuius
1042 1033 1058 1081 3

54 1104 122 1168 udis
141 1108 179 1167 ut
197 1103 352 1169 memoria
371 1107 524 1188 maneret,
542 1103 714 1169 Timotheo
733 1106 862 1189 publice
880 1109 1023 1170 statuam

68 1191 141 1257 foro
160 1195 346 1276 posuerunt.
381 1192 437 1275 qui
454 1192 559 1257 honos
578 1193 654 1257 huic
672 1193 728 1256 uni
748 1198 823 1258 ante
842 1195 875 1257 id
893 1198 1023 1277 tempus

54 1281 170 1366 ntigit,
202 1285 253 1365 ut,
285 1302 358 1344 cum
385 1281 473 1364 patri
506 1281 646 1365 populus
675 1284 819 1346 statuam
850 1282 1024 1365 posuisset,

54 1369 84 1434 io
109 1391 236 1453 quoque
260 1369 359 1432 daret.
404 1368 451 1434 sic
473 1369 564 1433 iuxta
588 1370 697 1453 posita
720 1375 831 1436 recens
854 1369 915 1433 lilii
937 1373 1023 1434 vete-

54 1480 85 1520 m
108 1457 211 1541 patris
235 1456 402 1521 renovavit
424 1458 623 1522 memoriam.

104 1544 168 1611 Hic
191 1567 264 1609 cum
286 1549 372 1610 esset
390 1566 509 1631 magno
527 1551 608 1611 natu
626 1551 660 1612 et
678 1548 891 1633 magistratus
910 1566 1022 1632 gerere
1041 1547 1062 1611 3

55 1634 163 1718 sisset,
184 1634 271 1697 bello
290 1633 506 1698 Athenienses
524 1633 666 1718 undique
684 1637 788 1720 premi
811 1639 888 1701 sunt
906 1634 1022 1718 coepti.

55 1723 177 1787 fecerat
192 1720 317 1805 Samus,
336 1721 493 1787 descierat
507 1721 750 1808 Hellespontus,
768 1723 940 1807 Philippus
956 1722 1022 1786 iam

55 1833 88 1874 m
115 1811 224 1874 valens
253 1810 356 1873 multa
384 1810 593 1875 moliebatur:
621 1813 672 1876 cui
700 1813 871 1896 oppositus
899 1809 1021 1876 Chares

56 1922 90 1962 m
118 1902 215 1982 esset,
244 1920 311 1962 non
338 1898 418 1962 satis
445 1899 480 1962 in
506 1921 545 1964 eo
572 1899 725 1982 praesidii
751 1899 938 1983 putabatur.
982 1899 1056 1962 fita

55 1987 223 2052 enestheus
246 1990 387 2070 praetor,
409 1986 495 2051 filius
518 1986 703 2071 Iphicratis
727 2007 827 2073 gener
849 1985 1022 2070 Timothei,

66 2080 105 2139 ut
124 2076 163 2139 ad
185 2075 307 2138 bellum
329 2073 554 2157 proficiscatur
576 2075 767 2140 decernitur.
800 2075 878 2139 huic
895 2075 930 2138 in
949 2096 1022 2139 con-

57 2165 125 2227 ium
152 2163 269 2227 dantur
295 2164 357 2226 ciri
383 2163 446 2227 duo
476 2185 537 2227 usu
565 2163 787 2248 sapientiaque
817 2167 1021 2248 praestantes
1057 2215 1061 2222 .

55 2273 169 2316 uorum
192 2250 327 2316 consilio
355 2254 528 2335 uteretur],
557 2256 652 2335 pater
678 2257 712 2316 et
741 2273 845 2336 socer,
874 2253 960 2335 quod
986 2252 1022 2315 in

55 2362 65 2404 s
95 2343 187 2403 tanta
214 2342 285 2403 erat
312 2338 504 2423 auctoritas,
535 2344 573 2404 ut
600 2361 719 2426 magna
747 2362 821 2424 spes
850 2343 936 2404 esset
962 2351 1034 2423 per¹>

55 2450 70 2492 s
94 2427 213 2492 amissa
234 2448 330 2511 posse
353 2428 544 2511 recuperari.
580 2428 605 2493 ii
628 2450 702 2494 cum
726 2426 859 2493 Samum
881 2426 1020 2512 profecti
1039 2443 1055 2491 3

56 2521 124 2581 sent
146 2520 181 2580 et
203 2516 315 2581 eodem
334 2513 455 2580 Chares
478 2516 610 2580 illorum
633 2518 774 2581 adventu
792 2516 925 2601 cognito
946 2536 1021 2579 cum

56 2606 82 2668 is
107 2604 207 2688 copiis
230 2603 498 2688 proficisceretur,
520 2627 560 2668 ne
584 2606 662 2689 quid
684 2605 819 2670 absente
837 2626 871 2669 sa
890 2606 1020 2690 gestum

56 2693 189 2775 leretur,
218 2691 348 2776 accidit,
378 2714 451 2757 oum
479 2692 519 2756 ad
545 2692 686 2757 insulam
714 2692 1021 2777 appropinquarent,

74 2801 192 2866 magna
214 2784 392 2863 tempestas
415 2785 575 2845 oreretur:
608 2803 706 2865 quam
733 2781 855 2845 evitare
882 2781 945 2845 duo
969 2802 1020 2845 ve·

56 2891 99 2933 res
131 2869 343 2953 imperatores
372 2868 453 2933 utile
483 2869 634 2934 arbitrati
662 2891 755 2934 suam
783 2870 919 2934 classem
947 2889 1019 2951 sup·

56 2961 209 3022 esserunt.
251 2960 286 3021 at
308 2957 364 3020 ille
386 2957 559 3022 temeraria
581 2979 659 3022 usus
682 2957 808 3022 ratione
830 2978 898 3022 non
921 2956 1020 3021 cessit
1038 2971 1053 3019 l

56 3046 173 3110 riorum
200 3049 280 3109 natu
307 3045 509 3130 auctoritati,
541 3046 630 3111 velut
658 3045 694 3110 in
721 3066 780 3109 sua
807 3067 905 3110 manu
933 3048 1020 3110 esset

56 3138 152 3198 rtuna.
197 3155 260 3217 quo
285 3134 508 3218 contenderat,
529 3134 690 3218 pervenit,
713 3133 888 3217 eodemque
911 3137 950 3198 ut
973 3154 1019 3196 se·

56 3225 197 3306 arentur,
215 3222 256 3286 ad
268 3221 477 3286 Timotheum
495 3225 528 3285 et
546 3220 732 3305 Iphicraten
749 3222 901 3286 nuntium
919 3220 1018 3283 misit.

56 3333 86 3376 rc
111 3310 195 3374 male
216 3331 251 3374 re
279 3314 385 3396 gesta,
413 3309 634 3393 compluribus
657 3309 787 3374 amissis
809 3309 947 3373 navibus
970 3328 1018 3390 eo,

56 3400 94 3463 de
123 3402 193 3463 erat
219 3398 398 3483 profectus,
428 3420 462 3462 se
494 3397 618 3480 recepit
648 3398 841 3480 litterasque
869 3394 1017 3459 Athenas

57 3487 139 3552 blica
162 3486 261 3570 misit,
285 3487 348 3551 sibi
370 3487 512 3569 proclive
535 3485 636 3550 fuisse
656 3483 790 3550 Samum
813 3486 935 3567 capere,
952 3482 1017 3546 nisi

57 3573 219 3639 Timotheo
238 3577 272 3639 et
289 3573 452 3658 Iphicrate
472 3575 618 3639 desertus
641 3576 736 3638 esset.
772 3571 911 3656 populus
935 3591 1017 3654 acer,
1036 3584 1052 3632 5
