2324 4020
152 193 192 258 18
459 193 506 248 IV.
524 191 737 248 PAUSANIAS.
765 200 790 247 4.
810 199 836 248 5.

150 338 263 403 eodem
285 337 378 401 missi
405 341 512 422 erant,
541 336 648 402 vincla
671 337 829 420 epistulae
851 337 974 401 laxavit
997 336 1154 422 signoque

150 427 296 491 detracto
315 425 478 510 cognovit,
501 424 529 488 si
547 424 747 507 pertulisset,
770 424 833 488 sibi
852 446 923 488 esse
946 424 1153 507 pereundum

115 529 131 576 2
151 517 245 578 erant
262 514 297 577 in
315 513 426 577 eadem
445 513 586 596 epistula
609 533 691 594 quae
714 512 754 575 ad
773 534 811 576 ea
832 512 1051 594 pertinebant,
1074 532 1152 595 quac

149 602 235 665 inter
257 623 367 686 regem
389 599 648 682 Pausaniamque
672 604 896 664 convenerant.
941 599 1082 664 has‘ille
1106 600 1151 663 lit·

114 693 237 753 oteres
260 687 390 771 ephoris
414 687 557 751 tradidit.
592 708 659 750 non
681 692 732 751 est
754 688 988 770 praetereunda
1010 688 1149 772 gravitas

149 775 478 841 Lacedaemoniorum
509 774 571 838 hoo
602 775 684 838 loco.
729 797 805 838 nam
831 797 872 839 ne
899 775 995 839 huius
1025 775 1149 857 quiden

149 863 268 927 indicio
295 863 428 944 impulsi
456 866 532 927 sunt
559 866 597 927 ut
620 861 815 926 Pausaniam
838 862 1149 946 comprehenderent

148 971 252 1032 neque
270 950 361 1033 prius
375 950 442 1013 vim
460 950 675 1014 adhibendam
693 955 900 1034 putaverunt,
919 973 1017 1033 quam
1032 972 1066 1013 se
1086 951 1148 1034 ipso

114 1052 131 1099 4
149 1038 332 1102 indicasset.
366 1037 476 1120 itaque
494 1037 571 1102 huic
588 1038 696 1121 indici,
720 1038 797 1121 quid
819 1038 890 1102 fieri
912 1039 1043 1121 vellent,
1065 1059 1148 1121 prae

149 1129 312 1209 cepenmt.
356 1123 469 1189 fanum
495 1124 641 1208 Neptuni
669 1129 720 1190 est
747 1125 897 1209 Taenari,
925 1126 1011 1208 quod
1038 1123 1147 1190 violari

148 1213 239 1277 nefas
262 1217 381 1296 putant
404 1211 532 1277 Graeci,
571 1235 609 1278 eo
632 1213 688 1276 ille
713 1213 834 1293 [index]
860 1213 1007 1298 confugit
1030 1213 1064 1276 in
1088 1233 1146 1276 ara

150 1322 211 1384 que
234 1301 389 1366 consedit.
433 1301 517 1365 hano
539 1301 632 1364 iuxta
658 1301 766 1364 locum
792 1300 940 1365 fecerunt
969 1300 1029 1364 sub
1058 1304 1146 1383 terra

149 1411 188 1453 ex
211 1411 274 1471 quo
297 1391 410 1471 posset
433 1389 590 1471 exaudiri,
620 1388 648 1450 si
672 1389 744 1470 quis
768 1389 846 1471 quid
868 1389 1058 1472 loqueretur
1107 1418 1136 1443 ιν
1161 1451 1162 1475 ,

114 1475 285 1561 singilio.
325 1475 389 1539 huo
411 1497 451 1539 ex
473 1475 604 1559 ephoris
632 1476 763 1556 quidam
791 1477 1032 1541 descenderunt.
1073 1475 1128 1540 Pa
1160 1483 1162 1496 ⁴

148 1563 270 1646 sanias,
291 1566 330 1626 ut
354 1562 478 1626 audivit
499 1563 666 1647 Argilium
689 1563 873 1649 confugisse
896 1564 931 1627 in
954 1585 1058 1648 aram,
1084 1587 1124 1648 ep·
1140 1536 1162 1605 Ἰ

148 1652 300 1715 turbatus
323 1650 412 1714 venit
435 1671 482 1714 eo.
527 1672 624 1733 quem
653 1672 727 1715 oum
755 1652 934 1736 supplicem
956 1651 1008 1715 dei
1031 1651 1102 1716 vide
1122 1682 1130 1704 ν
1155 1624 1162 1763 =

147 1739 261 1840 inara
284 1738 622 1839 sedentemoquflaerit,
646 1760 761 1839 causae
785 1740 862 1840 quid
884 1739 930 1839 ¹sit
951 1743 1022 1803 tam
1044 1761 1125 1822 repa
1153 1800 1162 1850 ε

147 1831 210 1892 tun
237 1826 373 1892 cons1ln.
417 1825 494 1890 hurc
520 1826 589 1910 rlle,
619 1827 697 1910 qurd
724 1849 763 1891 ex
790 1828 910 1891 lrttens
934 1846 1139 1910 comperisse

113 1927 129 1975 o
148 1915 261 1999 aperit.
298 1935 362 1996 quo
381 1915 485 1999 magis
504 1913 682 1979 Pausanias
700 1915 911 1999 perturbatus
931 1935 1024 1978 orare
1038 1913 1121 2000 coep'

1153 1887 1162 1938 l

147 2025 188 2067 ne
202 2001 386 2067 enuntiaret
403 2024 467 2066 neu
487 2023 522 2066 se
541 2003 694 2067 meritum
712 2003 751 2066 de
769 2002 828 2082 illo
847 2002 969 2085 optime
987 2002 1131 2086 prodero
1153 1972 1162 2053 l

149 2091 264 2174 quodsi
287 2112 358 2153 eam
377 2090 505 2153 veniam
524 2090 586 2153 sibi
605 2090 747 2154 dedisset
766 2091 931 2173 tantisque
949 2090 1083 2173 implica
1105 2057 1162 2145 ml

148 2178 245 2241 rebus
268 2177 479 2259 sublevasset,
503 2198 621 2262 magno
644 2177 674 2240 ei
696 2178 840 2260 praemio
864 2177 1020 2242 futurum
1154 2150 1162 2229 l

113 2261 134 2327 5
235 2263 297 2327 His
315 2265 412 2327 rebus
431 2264 545 2347 ephori
564 2265 703 2348 cognitis
723 2265 1003 2348 satiusputarunt
1021 2266 1056 2330 in
1117 2294 1134 2318 ιι
1154 2238 1162 2358 l

148 2374 222 2416 eum
245 2351 481 2434 comprehendi.
528 2372 688 2434 quocum
712 2356 821 2416 essent
849 2353 988 2436 profecti
1017 2353 1125 2418 etP=1
1157 2365 1162 2394 ³

149 2441 255 2505 sanias
278 2440 408 2522 placato
426 2437 564 2523 Argilio,
586 2442 625 2502 ut
642 2439 790 2522 putabat,
812 2438 1090 2505 Lacedaemonem
1123 2416 1162 2493 nl

147 2532 342 2610 verteretur,
369 2526 404 2589 in
430 2525 560 2610 itinere,
587 2548 661 2591 cum
688 2527 754 2590 iam
781 2528 816 2591 in
839 2550 876 2592 eo
900 2533 987 2592 esset
1009 2532 1046 2592 ut
1070 2551 1118 2595 co

148 2615 413 2699 prehenderetur,
445 2635 484 2677 ex
512 2614 605 2678 vultu
637 2615 803 2679 cuiusdam
832 2615 960 2699 ephori,
992 2616 1049 2699 qui
1081 2630 1138 2682 eu!

114 2716 129 2764 2
150 2703 314 2768 admoneri
333 2701 493 2784 cupiebat,
511 2700 644 2765 insidias
664 2703 728 2766 sibi
747 2703 817 2767 fieri
835 2703 1006 2766 intellexit.
1042 2704 1104 2768 ita
1118 2723 1158 2761 w

148 2791 259 2874 paucis
283 2793 357 2852 ante
380 2789 549 2874 gradibus,
572 2811 669 2873 quam
692 2790 748 2873 qui
771 2812 846 2854 eum
868 2793 1098 2876 sequebantur,
1116 2762 1162 2837 »¹

149 2879 260 2943 aedem
286 2875 464 2960 Minervae,
488 2898 568 2960 quae
592 2877 794 2943 Chalcioicos
816 2882 965 2962 vocatur,
998 2876 1122 2943 confu'
1156 2845 1162 2989 Ι

148 2966 286 3030 hincne
311 2964 396 3028 exire
419 2968 540 3048 posset,
565 2965 679 3029 statim
702 2965 816 3048 ephori
837 2966 948 3030 valvas
972 2967 1041 3029 eius
1066 2962 1127 3030 αι’,

150 3053 381 3117 obstruxerunt
408 3055 594 3136 tectumque
622 3057 699 3116 sunt
727 3052 888 3137 demoliti,
922 3075 987 3135 quo
1017 3029 1162 3119 celeril

115 3141 209 3205 asub
233 3140 307 3204 divo
336 3139 494 3203 interiret.
539 3140 658 3204 dicitur
681 3161 719 3204 eo
743 3143 889 3223 tempore
912 3145 1053 3205 matrem
1075 3142 1126 3207 P*

150 3228 257 3292 sanias
281 3227 399 3291 vixisse
423 3248 557 3310 eamque
579 3228 646 3291 iam
669 3248 786 3313 magno
809 3233 898 3312 natu,
920 3232 1099 3311 postquam
1118 3259 1139 3281 «Υ

150 3316 269 3379 scelere
291 3315 352 3378 filii
375 3315 542 3398 comperit,
564 3314 599 3379 in
621 3315 735 3398 primis
760 3315 800 3378 ad
818 3316 923 3380 filium
942 3316 1126 3381 claudendo·

116 3420 130 3468 4
149 3403 289 3486 lapidem
313 3403 352 3466 ad
375 3402 547 3467 introitum
570 3402 657 3466 aedis
681 3402 840 3466 attulisse.
876 3403 930 3466 hic
949 3425 1023 3467 cum
1042 3398 1162 3480 ses,

149 3490 246 3554 nimis
269 3491 307 3554 de
331 3491 453 3574 templo
473 3490 577 3554 elatus
597 3493 692 3573 esset,
715 3489 886 3554 confestim
905 3490 1048 3556 animam
1070 3499 1120 3557 est
1159 3481 1162 3543 l
