2324 4020
136 212 199 275 112
437 211 523 267 xxv.
542 212 706 268 ATTIcus.
735 217 776 268 so.
796 218 839 268 21.

136 357 214 440 quin
235 355 348 421 Attico
372 356 540 441 scriberet,
569 356 645 440 quid
674 360 799 442 ageret,
825 357 976 441 inprimis
1002 357 1082 441 quid
1103 356 1143 420 le

135 449 228 531 geret
250 445 432 528 quibusque
455 445 489 509 in
510 445 591 510 locis
615 449 649 510 et
668 445 823 529 quamdiu
840 449 928 510 esset
946 449 1140 527 moraturus,

100 550 116 597 2
136 534 192 600 sed
215 533 325 617 etiam,
348 554 422 598 cum
445 537 531 597 esset
548 534 584 596 in
601 534 680 598 urbe
699 538 733 598 et
750 537 884 619 propter
901 533 1049 598 infinitas
1069 553 1138 598 suas

136 621 363 706 occupationes
386 621 493 685 minus
517 642 620 705 saepe,
644 642 741 704 quam
759 622 866 706 vellet,
886 621 1002 687 Attico
1024 621 1135 686 fruere

135 714 202 794 tur,
228 711 337 774 nullus
361 708 429 773 dies
452 713 574 774 temere
601 709 799 794 intercessit,
827 731 891 795 quo
914 731 982 775 non
1005 710 1046 775 ad
1069 729 1132 774 eun

136 799 301 882 scriberet,
325 819 398 862 cum
421 798 517 862 modo
541 797 663 883 aliquid
687 798 725 863 de
749 798 945 882 antiquitate
968 799 1010 862 ab
1035 819 1071 863 eo
1092 817 1130 861 rc·
1159 816 1162 889 ,¹

137 887 288 970 quireret,
312 886 407 950 modo
431 884 574 968 aliquam
597 887 822 969 quaestionem
840 887 1003 970 poeticam
1022 886 1051 951 ei
1068 905 1128 969 pro
1160 896 1162 920 ¹

136 978 288 1059 poneret,
324 973 487 1037 interdum
522 974 633 1038 iocans
670 975 738 1039 eius
771 975 974 1040 verbosiores
1012 974 1128 1039 eliceret

101 1063 303 1146 aepistulas.
340 1083 379 1126 ex
402 1083 465 1145 quo
490 1062 617 1147 accidit,
639 1084 712 1126 cum
736 1063 823 1128 aedis
842 1062 930 1128 Iovis
949 1061 1128 1126 Feretriiin

137 1147 313 1235 Capitolio,
341 1151 381 1214 ab
405 1150 545 1215 Romulo
568 1151 760 1235 constituta,
788 1155 952 1228 vetustate
975 1154 1071 1234 atque
1090 1149 1127 1212 in·
1151 1160 1159 1265 p

138 1240 227 1305 curia
250 1241 377 1304 detecta
398 1239 633 1323 prolaberetur,
656 1243 694 1302 ut
712 1237 816 1304 Attici
835 1239 1004 1303 admonitu
1022 1235 1127 1304 Caesar

101 1348 208 1397 ceam
236 1328 441 1392 reficiendam
469 1331 604 1391 curaret.
649 1348 752 1411 neque
779 1349 855 1392 vero
883 1349 903 1392 a
930 1324 974 1390 M.
996 1324 1126 1390 Antonio

137 1418 244 1480 minus
268 1418 384 1480 absens
412 1415 530 1479 litteris
554 1415 730 1498 colebatur,
752 1416 831 1481 adeo
854 1421 893 1481 ut
915 1417 1062 1480 accurate
1082 1411 1126 1476 illc

138 1526 176 1568 ex
198 1504 323 1567 ultimis
347 1504 453 1586 terris,
477 1503 553 1584 quid
577 1508 696 1589 ageret,
719 1525 814 1568 curae
837 1504 900 1569 sibi
922 1503 1057 1567 haberet
1074 1521 1126 1566 cer·

103 1593 256 1657 ctiorem
278 1591 384 1655 facere
407 1590 564 1655 Atticum.
603 1591 665 1658 hoc
689 1592 783 1675 quale
807 1593 860 1676 sit,
882 1591 1011 1656 facilius
1034 1587 1126 1655 existi·

138 1681 241 1745 mabit
263 1680 315 1764 is,
332 1680 388 1763 qui
410 1679 551 1744 iudicare
573 1681 709 1764 poterit,
733 1684 872 1764 quantae
896 1680 940 1744 sit
963 1677 1126 1763 sapientias

138 1791 249 1833 eorum
282 1769 420 1833 retinere
452 1789 547 1832 usum
578 1768 909 1852 benivolentiamque,
941 1767 1028 1831 inter
1058 1782 1125 1850 quos
1161 1798 1162 1803 κ

138 1858 351 1922 maximarum
387 1878 494 1922 rerum
529 1878 596 1921 non
630 1857 735 1921 solum
771 1855 964 1940 aemulatio,
1000 1855 1055 1920 sed
1084 1852 1125 1916 ob

137 1946 290 2012 trectatio
318 1949 411 2010 tanta
437 1945 672 2029 intercedebat,
700 1948 855 2028 quantam
882 1943 945 2007 fuit
973 1939 1124 2024 [incidere]
1161 1954 1162 2018 t

137 2056 267 2099 necesse
289 2035 376 2098 inter
394 2033 566 2099 Caesarem
584 2037 682 2117 atque
700 2033 889 2117 Antonium,
912 2053 986 2097 cum
1005 2052 1039 2095 se
1056 2033 1126 2094 uter

138 2143 200 2205 que
223 2123 402 2206 principem
423 2143 489 2185 non
508 2122 613 2186 solum
631 2121 722 2185 urbis
740 2121 872 2205 Romae,
896 2120 953 2185 sed
972 2119 1060 2184 orbis
1077 2122 1126 2182 ter

138 2232 247 2274 rarum
271 2231 340 2274 esse
364 2214 504 2293 cuperet.

86 2299 126 2364 21
225 2297 297 2362 Tali
316 2298 411 2363 modo
431 2319 503 2362 cum
522 2303 647 2381 septem
666 2302 699 2362 et
713 2298 922 2383 septuaginta
936 2317 1039 2362 annos
1056 2315 1127 2362 com·

137 2388 259 2472 plesset
291 2392 389 2470 atque
421 2385 461 2451 ad
493 2389 670 2450 extremam
707 2390 906 2450 senectutem
937 2406 1005 2449 non
1035 2384 1127 2448 minus

139 2476 298 2561 dignitate
331 2497 428 2558 quarn
460 2474 568 2560 gratia
598 2473 793 2556 fortunaque
823 2474 980 2539 crevisset
1007 2469 1127 2558 (multas

139 2565 225 2628 enim
251 2564 448 2628 hereditates
476 2563 566 2627 nulla
593 2561 658 2626 alia
679 2583 713 2626 re
738 2584 835 2645 quam
862 2562 1011 2626 bonitate
1034 2577 1128 2625 conse·
1161 2566 1162 2576 ’

139 2657 233 2717 cutus
248 2651 311 2737 est)
331 2656 486 2735 tantaque
500 2651 719 2734 prosperitate
737 2671 815 2714 usus
834 2655 921 2715 esset
938 2645 1127 2725 valetudinis,
1161 2655 1162 2663 ’

104 2756 120 2804 a
138 2744 175 2805 ut
199 2741 290 2804 annis
314 2741 450 2826 triginta
474 2739 632 2803 medicina
649 2759 715 2803 non
732 2738 935 2824 indiguisset,
957 2740 1071 2802 nactus
1089 2734 1128 2799 est
1161 2794 1162 2799 ,

140 2829 297 2911 morbum,
320 2848 415 2910 quern
433 2827 528 2890 initio
547 2830 580 2890 et
598 2827 667 2910 ipsc
686 2830 720 2890 et
733 2826 850 2891 medici
863 2824 1127 2909 contempserunt:

138 2938 214 2980 nam
237 2919 393 3000 putarunt
416 2937 486 2979 csse
509 2918 691 2998 tenesmon,
721 2914 771 2979 cui
794 2914 936 2979 remedia
957 2913 1075 2979 celeria
1094 2909 1126 2974 fa

104 3004 277 3089 aciliaque
299 3005 571 3087 proponebantur.
607 3003 642 3066 in
663 3002 726 3067 hoc
750 3024 823 3067 cum
841 3007 907 3067 tres
927 3023 1054 3067 menses
1072 3000 1126 3065 sine

140 3093 215 3157 ullis
239 3091 415 3174 doloribus,
436 3096 664 3174 praeterquam
688 3111 769 3173 quos
793 3113 831 3155 ex
855 3091 1021 3156 curatione
1040 3087 1127 3172 capio

140 3181 211 3264 bat,
239 3180 505 3263 consumpsisset,
535 3179 643 3244 subito
668 3183 761 3243 tanta
782 3180 831 3243 vis
855 3178 961 3243 morbi
984 3179 1019 3242 in
1041 3178 1127 3242 imur

139 3269 331 3335 intestinum
353 3269 516 3352 prorupit,
538 3272 575 3331 ut
598 3273 741 3332 extremo
765 3270 910 3350 tempore
932 3287 991 3350 per
1013 3264 1127 3331 lumbos

105 3376 122 3424 4
139 3358 268 3423 fistulae
291 3357 380 3440 puris
404 3356 576 3440 eruperint.
610 3361 707 3439 atque
725 3356 787 3421 hoc
805 3356 995 3439 priusquam
1013 3354 1044 3418 ei
1062 3348 1128 3417 acci·

141 3445 243 3529 deret,
272 3450 446 3530 postquam
468 3444 593 3509 indies
616 3445 744 3508 dolores
768 3463 948 3508 accrescere
972 3441 1129 3524 febresque

141 3534 314 3598 accessisse
347 3533 461 3617 sensit,
490 3532 671 3618 Agrippam
703 3551 857 3616 generum
889 3531 929 3595 ad
956 3551 991 3594 se
1023 3524 1130 3595 arcessi
