2324 4020
313 231 398 286 XXII.
417 230 617 287 Hannone.
648 237 671 286 1.
690 237 714 285 2.
977 229 1018 293 87

51 374 254 441 commodum
281 374 408 439 videtur
436 396 503 438 non
533 375 710 458 praeterire
737 373 957 439 Hamilcarem
986 378 1019 437 et

51 462 241 545 annibalem,
263 483 345 545 quos
369 466 402 526 et
425 462 525 526 animi
548 463 770 548 magnitudine
789 466 822 526 et
840 461 1018 526 calliditate

51 572 126 616 unes
149 551 185 615 in
206 548 319 614 Africa
340 554 436 615 natos
460 550 664 634 praestitisse
687 554 825 616 constat

319 851 431 924 XXII.
459 850 719 925 HAMILOAR.

100 988 277 1072 Hamilcar,
290 986 485 1052 Hannibalis
499 988 595 1073 filius,
610 989 802 1074 cognomine
812 989 927 1074 Barca,
940 987 1019 1053 Kar·
1040 989 1056 1053 1

51 1077 238 1163 aginiensis,
260 1076 366 1159 primo
385 1074 525 1141 Poenico
548 1076 645 1161 bello,
667 1078 723 1143 sed
745 1078 947 1161 temporibus
969 1099 1019 1142 ex·

51 1166 142 1249 emis,
174 1164 347 1229 admodum
373 1163 634 1229 adulescentulus
662 1165 698 1228 in
725 1162 837 1229 Sicilia
869 1186 1018 1248 praeesse

51 1253 122 1337 epit
145 1252 308 1317 exercitui.
342 1273 416 1316 cum
440 1255 515 1315 ante
538 1253 607 1316 eius
630 1252 805 1317 adventum
828 1256 862 1316 et
884 1253 967 1316 mari
985 1256 1018 1316 et
1038 1268 1054 1315 2

51 1363 102 1406 rra
125 1340 210 1404 male
233 1361 284 1405 res
307 1343 498 1424 gererentur
515 1339 848 1424 Karthaginiensium,
870 1340 940 1425 ipse
962 1339 1019 1404 ubi

51 1429 121 1513 luit,
152 1448 330 1510 numquam
361 1426 451 1492 hosti
479 1427 577 1492 cessit
613 1448 717 1510 neque
748 1427 857 1493 locum
882 1427 1020 1492 nocendi

51 1517 116 1599 dit,
146 1537 304 1599 saepeque
327 1536 345 1579 e
368 1515 532 1580 contrario
560 1515 728 1581 occasione
751 1517 828 1581 data
854 1515 1020 1581 lacessivit

49 1625 204 1688 mperque
228 1603 375 1686 superior
396 1602 556 1668 discessit.
602 1625 666 1687 quo
692 1603 795 1688 facto,
822 1625 896 1669 cum
917 1625 1019 1689 paene

51 1693 126 1758 unia
156 1692 192 1755 in
218 1689 331 1756 Sicilia
357 1689 459 1755 Poeni
490 1691 690 1775 amisissent,
720 1691 776 1755 ille
803 1691 943 1776 Erycem
973 1691 1019 1756 sic

52 1780 172 1863 fendit,
202 1783 240 1843 ut
270 1779 392 1844 bellum
419 1800 458 1843 eo
489 1779 561 1844 loco
594 1783 725 1864 gestum
754 1801 821 1844 non
847 1780 1019 1844 videretur.

51 1868 146 1934 terim
169 1864 459 1951 Karthaginienses
487 1867 589 1932 classe
617 1867 702 1952 apud
728 1867 851 1932 insulas
875 1866 1052 1953 Aegatese

51 1956 83 2023 O.
97 1953 241 2039 Lutatio,
264 1954 394 2018 consule
412 1954 643 2039 Romanorum,
667 1955 811 2037 superati
833 1957 1019 2019 statuerunt

51 2044 93 2109 lli
120 2042 226 2107 facere
252 2041 350 2106 finem
377 2063 513 2125 eamque
539 2065 609 2107 rem
636 2042 773 2107 arbitrio
801 2042 1020 2126 permiserunt

51 2131 220 2197 amilcaris.
272 2129 328 2195 ille
360 2131 424 2194 etsi
459 2131 622 2216 flagrabat
657 2130 800 2200 bellandi
832 2129 1020 2214 cupiditate,

51 2242 126 2285 men
156 2217 229 2303 paci
261 2218 467 2283 serviundum
497 2218 642 2302 putavit,
679 2218 766 2302 quod
796 2218 938 2302 patriam
969 2239 1020 2282 ex-

51 2311 167 2372 ustam
190 2306 374 2390 sumptibus
397 2306 519 2370 diutius
538 2306 740 2370 calamitates
758 2307 837 2370 belli
853 2306 938 2371 ferre
954 2327 1020 2373 non

51 2416 112 2460 »sse
135 2393 356 2478 intellegebat,
379 2394 436 2459 sed
457 2393 506 2458 ita
532 2398 570 2459 ut
602 2394 716 2458 statim
738 2397 846 2459 mente
870 2394 1055 2478 agitaret,4

65 2482 200 2568 paulum
223 2482 319 2546 modo
342 2502 394 2546 res
417 2485 526 2547 essent
548 2481 697 2565 refectae,
719 2481 841 2545 bellum
864 2501 1019 2545 renovare

51 2590 245 2652 omanosque
268 2569 368 2633 armis
390 2570 554 2654 persequi,
577 2569 728 2634 donicum
751 2572 808 2632 aut
830 2568 951 2632 virtute
975 2568 1020 2632 vi·

51 2663 138 2725 ssent
160 2660 217 2721 aut
239 2657 450 2722 victimarius
469 2657 641 2722 dedissent.
672 2657 735 2721 hoc
753 2656 887 2721 consilio
906 2677 1020 2740 pacem
1039 2673 1055 2723 o

51 2745 211 2828 nciliavit,
231 2745 267 2810 in
289 2766 353 2828 quo
376 2749 470 2809 tanta
486 2745 550 2810 fuit
568 2745 698 2828 ferocia,
721 2766 795 2809 cum
813 2743 949 2810 Catulus
966 2766 1020 2810 ne

51 2838 110 2900 iret
135 2832 258 2898 bellum
285 2833 555 2917 compositurum,
583 2833 648 2897 nisi
674 2832 730 2897 ille
753 2854 828 2898 cum
855 2833 936 2917 suis,
963 2833 1020 2916 qui

51 2943 155 3007 rycem
176 2924 333 3004 tenerent,
356 2921 454 2985 armis
477 2921 600 2985 relictis
625 2918 738 2985 Sicilia
761 2920 959 3005 decederent,
982 2925 1020 2986 ut

51 3009 245 3076 ,ecumbente
272 3009 380 3092 patria
407 3009 476 3092 ipse
497 3009 680 3092 periturum
702 3029 737 3072 se
759 3009 871 3092 potius
894 3009 1020 3093 dixerit,

51 3121 114 3164 iam
141 3117 215 3163 cum
243 3100 337 3161 tanto
364 3096 491 3181 flagitio
519 3097 650 3161 domum
677 3095 813 3160 rediret:
844 3097 1020 3161 nonenim

51 3207 92 3252 ae
125 3206 196 3249 esse
227 3184 359 3249 virtutis
392 3206 482 3249 arma
511 3206 531 3248 a
561 3183 670 3268 patria
701 3187 835 3267 accepta
867 3185 1019 3249 adversus

51 3279 128 3339 »stes
155 3272 346 3337 adversariis
378 3272 515 3336 tradere.
563 3272 660 3336 huius
691 3271 890 3356 pertinaciae
921 3271 1020 3336 cessit

51 3362 160 3428 ttnlus.

102 3449 150 3514 At
176 3447 232 3512 ille
258 3452 296 3513 ut
321 3447 559 3533 Karthaginem
585 3447 688 3531 venit,
723 3447 827 3511 multo
856 3445 951 3509 aliter
982 3445 1058 3510 ac2

51 3540 163 3604 ararat
185 3557 253 3600 rem
284 3536 449 3619 publicam
472 3556 506 3600 se
528 3535 702 3600 habentem
725 3532 887 3618 cognovit.
931 3553 1020 3596 nam-
