2324 4020
120 213 163 278 90
415 213 515 269 XXIII.
535 211 734 269 HANNIBAL.
762 166 792 268 2.Ι
806 220 830 268 3.

121 380 201 442 pore
223 358 300 423 dato
325 357 406 423 adiit
428 358 470 422 ad
491 378 616 444 regem,
643 357 736 440 eique
766 379 839 422 eum
866 357 973 423 multa
1002 358 1043 423 de
1069 356 1127 422 fide

121 468 181 511 sua
199 449 233 510 et
251 446 325 511 odio
345 445 380 510 in
392 444 559 510 Romanos
574 449 870 528 commemorasset,
891 445 955 511 hoc
969 446 1127 511 adiunxit:

121 533 227 619 ‘pater
263 533 379 608 meus',
399 533 507 617 inquit
539 532 719 598 ‘Hamilcar
754 533 890 616 puerulo
916 554 983 618 me,
1016 537 1124 619 utpote

120 644 188 687 non
215 621 355 706 amplius
384 642 501 686 norem
529 642 631 686 annos
662 625 750 705 nato,
781 621 817 685 in
845 619 1043 705 Hispaniam
1072 621 1124 686 im·

121 714 254 794 perator
280 709 488 794 proficiscens
511 707 714 794 Karthagine
737 707 808 774 Iovi
838 709 965 793 optimo
987 708 1122 775 maximo

86 810 102 857 4
120 797 248 863 hostias
270 796 461 862 immolavit.
492 818 574 880 quae
592 796 701 861 divina
718 818 770 862 res
789 795 865 861 dum
889 796 1122 880 conficiebatur,

122 885 284 970 quaesivit
311 906 331 949 a
357 906 409 949 me
436 885 594 950 vellemne
623 905 733 951 secum
759 885 795 949 in
820 889 929 950 cestra
957 884 1121 969 proficisci

122 974 156 1038 id
183 995 257 1037 cum
283 973 424 1037 libenter
450 972 646 1056 accepissem
676 976 774 1055 atque
801 972 843 1037 ab
866 993 904 1038 eo
926 977 1039 1056 petere
1061 994 1121 1039 coe

121 1061 243 1144 piscem
264 1082 306 1125 ne
329 1060 494 1125 dubitaret
517 1061 645 1145 ducere,
673 1064 745 1125 tum
767 1060 836 1145 ille,
859 1060 992 1145 faciam,
1014 1060 1121 1145 inquit,

123 1149 152 1214 si
179 1148 259 1213 mihi
291 1147 389 1212 fidem
416 1169 513 1231 quam
540 1148 674 1231 postulo
702 1148 836 1213 dederis.
882 1148 980 1213 simul
1009 1170 1061 1214 me
1086 1147 1121 1213 ad

123 1259 213 1301 aram
236 1236 379 1321 adduxit,
402 1236 487 1320 apud
506 1257 604 1318 quam
622 1235 803 1302 sacrificare
824 1235 1025 1322 instituerat,
1046 1257 1124 1302 earn.

123 1347 185 1408 que
213 1325 328 1389 ceteris
356 1324 491 1388 remotis
514 1327 680 1389 tenentem
702 1324 808 1389 iurare
831 1324 930 1389 iussit
950 1344 1119 1408 numquam

89 1423 105 1470 5
123 1434 174 1476 me
193 1413 228 1475 in
245 1411 392 1476 amicitia
410 1433 484 1477 eum
497 1410 654 1477 Romanis
671 1412 750 1477 fore.
783 1411 817 1476 id
831 1432 893 1498 ego
906 1411 1119 1478 iusiurandum

122 1499 210 1584 patri
237 1499 349 1564 datum
377 1520 480 1582 nsque
507 1498 658 1566 adhunc
686 1503 827 1565 aetatem
856 1500 905 1566 ita
932 1499 1118 1583 conservavi,

123 1592 161 1652 ut
182 1586 305 1651 nemini
327 1586 461 1652 dubium
484 1607 554 1652 esse
577 1587 706 1672 debeat,
733 1587 813 1672 quin
834 1587 960 1672 reliquo
983 1592 1118 1673 ternpore

87 1676 236 1740 eoadem
262 1679 371 1739 mente
399 1675 462 1739 sim
487 1673 626 1740 futurus.
671 1697 772 1760 quare
799 1675 827 1741 si
855 1675 934 1760 qnid
960 1677 1062 1742 amice
1086 1674 1117 1740 de

123 1762 280 1828 Romanis
308 1763 483 1848 cogitabis,
513 1785 580 1828 non
610 1762 832 1848 imprudenter
862 1763 991 1849 feceris,
1022 1764 1051 1829 si
1075 1783 1117 1827 me

123 1851 253 1935 celeris,
275 1872 349 1917 cum
368 1851 498 1935 quidem
516 1851 638 1915 bellum
655 1852 796 1936 parabis,
818 1851 978 1936 teipsum
995 1851 1117 1917 frustm

122 1939 219 2023 beris,
242 1938 271 2004 si
292 1960 360 2003 non
381 1961 433 2003 me
455 1939 491 2003 in
512 1960 551 2002 eo
573 1938 752 2024 principem
771 1938 939 2024 posueris?

88 2024 109 2088 3
212 2026 283 2091 Hac
306 2026 409 2112 igitur
431 2047 496 2110 qua
518 2026 659 2092 diximus
682 2031 790 2093 aetate
813 2048 887 2093 cum
908 2031 1003 2113 patre
1020 2028 1056 2092 in
1070 2025 1116 2092 Hi·

124 2115 272 2198 spaniam
294 2113 460 2198 profectus
477 2117 541 2198 est,
564 2114 654 2179 cuius
672 2118 749 2199 post
767 2115 902 2200 obitum,
924 2114 1116 2181 Hasdrubale

124 2203 321 2286 imperatore
339 2201 485 2285 suffecto,
504 2201 665 2286 equitatui
684 2203 773 2267 omni
789 2201 940 2287 praefuit.
971 2203 1035 2269 hoc
1052 2222 1117 2288 quo

125 2310 187 2372 que
209 2287 381 2353 interfecto
405 2289 564 2354 exercitus
587 2310 748 2356 summam
771 2289 900 2375 imperii
922 2290 964 2357 ad
986 2313 1060 2356 eum
1075 2291 1117 2356 de·

124 2377 210 2442 tulit.
249 2376 284 2441 id
307 2375 544 2460 Karthaginem
566 2377 710 2442 delatum
731 2378 860 2463 publice
882 2379 1116 2463 comprobatum

88 2477 105 2526 a
124 2470 183 2530 est.
219 2465 266 2531 sic
280 2462 445 2529 Hannibal
464 2464 571 2529 minor
588 2465 730 2549 quinque
744 2470 778 2530 et
791 2465 909 2552 viginti
925 2467 1018 2532 annis
1031 2470 1116 2533 natus

123 2554 302 2638 imperator
327 2552 434 2617 factus
461 2553 609 2636 proximo
637 2553 778 2620 triennio
802 2575 913 2620 omnes
935 2558 1049 2640 gentes
1070 2551 1116 2619 Hi
1156 2597 1158 2599 >

125 2641 257 2725 spaniae
270 2639 357 2705 bello
372 2640 512 2725 subegit,
531 2638 723 2726 Saguntum,
742 2641 940 2708 foederatam
954 2642 1117 2725 civitatem,

89 2741 105 2789 e
124 2729 156 2793 vi
179 2727 385 2813 expugnavit,
408 2732 476 2793 tres
494 2729 654 2794 exercitus
672 2729 831 2794 maximos
850 2731 1059 2815 compararit
1086 2750 1117 2795 ex

124 2815 176 2880 his
199 2837 300 2879 unum
322 2815 358 2879 in
374 2814 521 2880 Africam
544 2816 643 2900 misit,
666 2817 805 2882 alterum
828 2838 902 2883 cum
923 2815 1116 2884 Hasdrubale

124 2904 225 2968 fratrc
247 2903 282 2966 in
304 2901 464 2985 Hispania
486 2903 629 2988 reliquit,
651 2905 786 2969 tertium
808 2905 844 2969 in
865 2904 997 2970 Italiam
1019 2927 1118 2973 secum

125 2991 225 3056 duxit.
260 2995 296 3053 ut
317 2989 437 3054 saltum
460 2989 660 3074 Pyrenaeum
683 2992 823 3076 transiit,
847 3013 1049 3079 quacumque
1065 2995 1119 3059 iter

125 3078 217 3160 fecit,
249 3098 322 3141 oum
352 3079 503 3143 omnibus
534 3078 649 3143 incolis
679 3080 839 3144 conflixit:
873 3081 1036 3148 neminem
1065 3081 1120 3148 nisi

90 3167 248 3231 evictum
271 3164 404 3230 dimisit·
440 3166 481 3231 ad
498 3166 600 3250 Alpes
622 3171 836 3251 posteaquam
858 3169 956 3254 venit,
979 3192 1044 3254 qna
1065 3170 1121 3236 Ita·

125 3255 203 3318 liam
231 3255 272 3317 ab
297 3252 405 3319 Gallia
432 3255 620 3339 seiungunt,
650 3276 730 3338 quas
756 3277 852 3321 nemo
879 3278 1036 3341 umquam
1057 3279 1121 3326 eum

125 3342 268 3407 exercitu
300 3346 375 3406 ante
408 3363 482 3407 eum
512 3347 641 3426 praeter
672 3342 846 3409 Herculem
870 3342 1006 3413 Graium
1028 3351 1124 3415 trans

125 3431 209 3493 ierat
237 3427 315 3514 (qno
343 3428 431 3494 facto
459 3430 487 3493 is
517 3429 612 3495 hodie
640 3430 744 3496 saltus
775 3430 893 3497 Graius
925 3432 1125 3522 appellatur),

125 3517 260 3602 Alpicos
275 3521 429 3581 conantes
448 3517 620 3601 prohibere
635 3520 777 3584 transitu
791 3520 940 3606 concidit,
958 3522 1033 3590 loca
1046 3529 1126 3610 pate
