2346 4012
109 96 153 162 36
469 95 516 150 ur.
536 95 668 178 conon.
696 103 753 154 11

111 240 226 324 opibus
253 240 478 324 praefuturum
505 262 542 306 ac
565 262 674 305 secum
703 241 933 305 dimicaturum
955 240 1006 304 'vid

111 351 206 412 quern
233 349 336 413 neque
364 329 499 394 consilio
527 350 630 412 neque
658 328 761 412 copiis
791 350 942 412 superare
973 349 1006 411 po

74 417 171 482 abac
198 421 305 481 mente
333 438 486 502 magnam
513 417 710 480 contrahunt
733 417 884 482 classem:
911 417 1006 500 profic

110 510 164 569 tur
187 504 344 569 Pisandro
368 506 456 570 duce
494 505 554 568 hos
578 502 691 569 Conon
714 505 799 589 apud
822 503 961 569 Cnidum
983 526 1006 568 a

110 613 228 693 magno
251 593 375 676 proelio
403 592 511 678 fugat,
483 591 659 656 tmultas
681 613 780 657 naves
804 593 907 676 capit,
933 615 1006 657 com

110 681 170 764 dep
172 681 277 744 1111111.
304 702 368 763 qua
385 643 523 744 victoriis
535 701 602 744 non
616 680 722 744 solum
736 679 783 744 At
783 679 895 764 henas,
913 681 969 745 sed
988 667 1006 759 [i

110 772 205 833 cunct
207 790 225 831 a
191 766 388 852 tGraecia,
407 789 488 851 quae
508 767 568 832 sub
587 731 917 833 Lacedaemoniorum
934 767 1006 832 fuer

74 874 90 920 5
109 855 209 940 perio,
223 854 361 919 liberata
375 819 434 920 ist.
460 853 573 920 Conon
587 877 660 920 cum
673 860 767 940 parte
781 856 915 920 navium
927 856 962 920 111
975 877 1006 939 pa

109 943 211 1027 venit,
238 964 347 1007 muros
371 943 497 1007 dirutos
521 964 540 1006 a
562 942 730 1026 Lysandro
753 948 925 1029 utrosque,
953 948 986 1007 et

109 1034 142 1094 11
161 1029 373 1116 Athenarum,
396 1031 584 1095 reficiendos
608 1036 701 1096 curat
722 1032 941 1116 pecuniaeque
961 1033 1006 1114 qu?

109 1119 202 1204 ginta
228 1120 366 1204 talenta,
396 1140 477 1203 quaa
500 1141 519 1182 a
541 1118 752 1183 Pharnabazo
781 1124 963 1205 acceperat,
990 1141 1006 1184 c

110 1208 178 1272 suis
201 1207 309 1272 donat.

74 1297 95 1360 5
197 1293 326 1359 Accidit
348 1295 437 1378 huic,
465 1294 550 1376 quod
573 1295 689 1359 ceteris
713 1295 922 1380 mortalibus,
948 1300 986 1360 ut

110 1382 281 1446 sideratior
306 1383 341 1446 in
369 1382 507 1446 secunda
534 1404 631 1465 quam
653 1383 689 1446 in
711 1381 844 1446 adversa
867 1386 954 1447 esset
977 1383 1006 1448 fo

108 1490 185 1533 nam
212 1469 314 1533 classe
341 1468 650 1553 Peloponnesiorum
678 1470 816 1553 devicta,
845 1491 919 1534 cum
946 1471 1006 1536 ulti

108 1556 243 1621 iniurias
272 1557 397 1639 patriae
424 1561 568 1641 putaret,
595 1559 689 1642 plura
716 1558 902 1641 concupivit
931 1581 1006 1642 quar

74 1663 179 1710 scere
211 1645 329 1728 potuit.
374 1666 477 1728 neque
509 1650 619 1717 tamen
645 1667 683 1710 ee
709 1667 776 1710 non
802 1646 857 1729 pia
884 1650 918 1710 et
950 1669 1006 1730 pro

108 1732 252 1817 fuenmt,
283 1733 368 1816 quod
390 1733 499 1817 potius
522 1733 647 1818 patriae
671 1755 749 1817 opes
773 1734 884 1818 augeri
907 1755 1006 1816 quam

50 1820 53 1824 “
109 1822 233 1886 maluit.
277 1843 353 1886 nam
381 1844 455 1886 cum
482 1841 634 1906 magnam
662 1822 891 1886 auctoritatem
920 1822 985 1886 sibi

108 1910 167 1973 illa
188 1909 309 1993 navali,
337 1931 435 1993 quam
458 1908 542 1992 apud
566 1908 704 1974 Cnidum
725 1909 860 1992 fecerat,
888 1911 1006 1974 constit

108 2017 174 2060 non
197 1997 302 2060 solum
325 1997 410 2060 inter
432 1997 598 2081 barbaros,
622 1997 677 2061 sed
701 1997 800 2061 etiam
824 2018 936 2061 omnes
962 1997 1006 2062 Gr

109 2083 271 2165 civitates,
308 2083 391 2146 clam
424 2084 499 2146 dare
532 2105 662 2167 operam
695 2085 817 2168 coepit,
853 2088 891 2149 111
923 2084 1006 2150 Ionii

74 2189 90 2236 a
108 2168 258 2234 Aeoliam
276 2171 463 2234 restitueret
476 2169 740 2237 Atheniensibus.
774 2172 807 2235 id
826 2194 899 2237 cum
917 2174 1006 2239 minu

109 2263 224 2344 genter
242 2261 328 2321 esset
347 2258 495 2342 celatum,
513 2258 691 2344 Tiribazus‚
710 2260 766 2343 qui
781 2258 937 2325 Sardibus
956 2283 1006 2345 prs

109 2345 274 2411 Cononem
297 2346 452 2430 evocavit,
475 2346 630 2412 simulans
650 2348 690 2412 ad
709 2369 819 2433 regem
837 2370 911 2413 eum
930 2371 965 2413 se
984 2373 1006 2414 n

109 2435 190 2499 velle
209 2455 328 2519 magna
346 2435 446 2499 dere.
481 2435 578 2499 huius
597 2436 712 2500 nuntio
735 2458 851 2519 parens
871 2458 945 2500 cum
964 2460 1006 2502 ve]

108 2521 143 2585 in
174 2523 281 2587 vincla
313 2524 476 2587 coniectus
503 2527 567 2605 est,
599 2524 633 2586 in
663 2524 779 2607 quibus
812 2525 1006 2607 aliquamdiu

73 2608 182 2671 cinde
213 2610 361 2674 nonnulli
393 2633 465 2675 eum
495 2611 535 2674 ad
562 2632 671 2696 regem
699 2612 818 2676 abduct
804 2616 874 2675 tum
901 2612 1006 2696 ibique

106 2695 230 2779 perisse
253 2697 411 2782 scriptum
434 2699 642 2782 reliquerunt.
683 2703 797 2764 contra
820 2722 857 2763 ea
879 2698 990 2765 Dinon

107 2782 208 2865 ricus,
236 2784 287 2848 eui
315 2806 375 2849 nos
398 2786 577 2885 plurimum
600 2788 638 2851 de
660 2786 799 2852 Persicis
823 2789 919 2852 rebus
943 2811 1006 2853 cre(

107 2833 259 2955 effugisse
291 2873 440 2955 scripsit:
408 2874 558 2938 tillud
595 2875 729 2939 addubit
715 2879 840 2960 tat‚u
819 2879 929 2941 utrum
961 2877 1006 2941 Ti:

109 2957 230 3022 sciente
253 2979 295 3021 an
317 2960 519 3044 imprudente
544 2962 587 3026 111
609 2963 676 3028 fact
662 2967 742 3027 tum
