2324 4020
126 204 169 266 74
433 202 532 258 XVIII.
550 202 728 258 EUMENES.
757 209 781 258 5.
801 210 825 257 6.

89 348 211 433 rgiae,
244 347 330 431 quod
352 346 443 413 Nora
471 347 666 431 appellatur,
697 346 853 433 confugit.
899 348 935 411 in
962 370 1024 432 quo
1050 365 1105 412 cum

125 435 412 500 circumsederetur
443 439 476 499 11
507 439 688 518 vereretur,
719 456 760 499 ne
791 456 855 499 uno
887 435 961 500 loco
994 455 1105 500 manens

125 545 224 606 equos
248 524 405 588 militares
428 524 585 606 perderet,
608 523 695 606 quod
713 522 854 606 spatium
872 544 939 587 non
957 527 1041 589 esset
1056 523 1105 607 agi·

125 611 228 695 tandi,
252 611 405 682 callidum
426 611 490 675 fuit
513 611 581 675 eius
605 611 785 694 inventum,
813 632 910 693 quem
933 611 974 674 ad
996 611 1105 676 modun

125 703 216 763 stans
248 699 429 764 iumentum
457 699 639 763 concalfieri
670 699 872 782 exercerique
904 703 1030 783 posset,
1057 719 1105 782 quc

124 786 279 850 libentius
303 791 337 850 et
359 787 431 850 cibo
453 790 602 851 uteretur
624 791 658 851 et
676 809 695 850 a
713 787 858 869 corporis
881 790 974 851 motu
996 807 1105 851 1111111

87 890 105 937 1
125 878 318 938 moveretur.
359 874 602 959 substringebat
625 878 722 957 caput
745 874 814 939 loro
839 874 946 958 altius,
969 895 1062 957 quam
1079 876 1105 937 ut

124 962 287 1044 prioribus
306 962 441 1046 pedibus
455 961 549 1045 plene
563 965 683 1026 terram
697 966 808 1045 posset
822 962 994 1047 attingere,
1013 961 1105 1026 deinde

124 1053 200 1132 post
222 1050 410 1114 verberibus
434 1050 572 1134 cogebat
594 1049 755 1114 exsultare
774 1053 807 1113 et
825 1048 929 1114 calces
947 1049 1105 1113 remittere:

125 1137 181 1219 qui
208 1142 316 1202 motus
343 1159 409 1201 nou
436 1137 542 1201 miuus
570 1137 720 1201 sudorem
747 1137 945 1221 excutiebat,
973 1135 1105 1220 quamsi

85 1240 105 1286 1
124 1224 158 1288 in
181 1225 287 1309 spatio
311 1225 501 1289 decurreret.
546 1246 609 1307 quo
632 1224 844 1307 factumest,
867 1225 953 1307 quod
976 1225 1105 1289 omnibu

125 1313 273 1377 mirabile
292 1318 343 1378 est
360 1313 476 1396 visum,
492 1315 531 1377 ut
544 1334 644 1395 aeque
657 1312 761 1376 nitida
774 1311 920 1376 iumenta
933 1334 973 1376 ex
992 1311 1105 1376 castello

124 1401 281 1484 educeret,
304 1422 378 1465 cum
401 1399 582 1483 complures
605 1421 731 1465 menses
754 1399 789 1463 in
811 1400 979 1464 obsidione
1002 1399 1105 1481 fuisset

83 1505 161 1552 tac
185 1487 212 1550 si
235 1489 270 1550 111
293 1487 528 1571 campestribus
552 1509 590 1551 ea
611 1487 692 1551 locis
710 1487 887 1551 habuisset.
922 1488 957 1551 in
973 1487 1034 1551 hac
1051 1509 1105 1551 1111·

124 1574 277 1657 elusione,
301 1575 589 1657 quotienscumque
611 1574 730 1658 voluit,
753 1577 945 1657 apparatum
969 1579 1003 1638 et
1024 1574 1105 1638 muni·

123 1662 229 1726 tiones
252 1661 412 1747 Antigoni
440 1663 520 1726 11111
547 1662 703 1745 incendit,
730 1662 811 1725 alias
839 1662 976 1727 disiecit.
1021 1661 1105 1726 11111111

124 1754 232 1814 autem
256 1772 290 1814 se
312 1772 377 1814 uno
400 1750 486 1832 Ioco,
510 1751 662 1833 quamdiu
684 1750 788 1813 hiems
811 1749 888 1833 fuit,
910 1750 998 1832 quod
1020 1753 1105 1814 castra

61 1837 65 1844 '
124 1838 183 1901 sub
213 1838 287 1902 divo
319 1837 439 1902 habere
465 1859 532 1902 non
562 1842 699 1921 poterat.
744 1859 800 1901 ver
831 1837 1100 1921 appropinquabat

118 1925 277 1990 simulata
290 1926 461 2009 deditione,
484 1926 561 1989 dum
575 1925 614 1988 de
627 1924 869 1989 condicionibus
888 1928 1019 2009 tractat,
1036 1945 1105 2008 prae

118 2012 216 2078 fectis
231 2013 391 2099 Antigoni
413 2013 571 2096 imposuit
590 2034 686 2096 seque
705 2034 742 2077 ac
761 2034 836 2077 suos
856 2034 966 2077 omnes
986 2012 1105 2076 extraxi

5 2160 8 2165 .
123 2100 309 2164 incolumes

81 2188 108 2251 ⁴6
209 2186 262 2251 Ad
284 2188 370 2252 hunc
385 2187 563 2272 Olympias,
585 2192 690 2252 mater
714 2210 794 2271 quae
817 2187 924 2252 fuerat
938 2187 1105 2265 1111111111

124 2296 197 2338 cum
219 2275 347 2339 litteras
371 2279 404 2339 et
421 2275 554 2339 nuntios
576 2276 721 2340 misisset
742 2276 778 2339 in
795 2275 909 2340 Asiam
932 2277 1105 2340 consultum

122 2366 233 2426 utrum
255 2363 431 2447 repetitum
448 2362 512 2426 iret
527 2361 748 2428 Macedoniam
772 2361 861 2449 (nam
883 2367 954 2427 tum
977 2363 1105 2446 inIIpirt

83 2449 308 2537 ahabitabat)
332 2455 366 2515 et
394 2471 469 2516 suas
495 2472 547 2515 res
576 2455 760 2535 occuparet,
791 2451 866 2515 huic
897 2450 952 2515 illc
984 2452 1105 2535 primun

123 2539 235 2623 suasit,
256 2561 298 2603 ne
321 2561 355 2603 se
379 2543 523 2604 moveret
546 2543 579 2603 et
598 2543 807 2623 exspectaret,
830 2538 936 2622 quoad
948 2537 1105 2603 Alexandr

122 2625 208 2690 filius
232 2648 368 2711 regnum
391 2628 636 2711 adipisceretur3
668 2627 719 2691 sin
746 2627 855 2710 aliqua
877 2626 1105 2710 cupiditatem

123 2718 253 2796 peretur
271 2715 305 2777 in
327 2713 559 2798 Macedoniam,
582 2714 828 2779 oblivisceretur
849 2713 994 2779 omnium
1016 2711 1105 2778 iniurl

85 2818 104 2864 1
123 2822 215 2864 arum
238 2805 271 2864 11
292 2802 327 2865 in
349 2802 511 2866 neminem
533 2802 697 2867 acerbiore
720 2807 867 2866 uteretur
888 2801 1034 2884 imperio.
1067 2801 1105 2864 ho

122 2910 195 2951 rum
218 2887 276 2951 illa
296 2888 379 2952 nihil
401 2888 492 2955 fecit:
523 2911 600 2954 nam
623 2890 714 2954 etin
735 2889 957 2955 Macedoniam
980 2889 1105 2973 profecte

123 2979 174 3038 est
200 2978 233 3038 et
261 2975 309 3040 ibi
339 2978 559 3042 crudelissime
591 2984 624 3041 se
656 2978 768 3062 gessit.
813 2977 909 3061 petiit
942 2981 1051 3042 autem
1079 2974 1105 3038 11

122 3063 266 3127 Eumene
291 3064 436 3148 absente,
462 3087 503 3129 ne
525 3068 693 3148 pateretur
716 3065 860 3148 Philippi
883 3065 999 3128 domus
1022 3062 1105 3129 111·

123 3149 232 3214 miliae
246 3151 489 3216 inimicissimos
504 3153 640 3235 stirpem
655 3174 782 3235 quoque
801 3151 997 3236 interimere,
1015 3152 1105 3217 ferret

87 3265 104 3311 4
124 3257 185 3318 que
214 3260 309 3322 opem
336 3238 448 3303 liberis
471 3239 655 3304 Alexandri.
700 3262 798 3323 quam
820 3240 947 3304 veniam
971 3241 1000 3304 si
1027 3240 1105 3305 daret

123 3345 220 3405 quam
246 3327 388 3408 primum
416 3327 574 3390 exereitus
601 3331 745 3411 pararet,
778 3349 858 3410 quos
886 3327 950 3390 sibi
983 3327 1105 3394 subsidi<

123 3411 302 3476 adduceret.
348 3412 381 3475 id
404 3433 467 3495 quo
495 3414 623 3478 facilius
645 3414 788 3498 faceret,
807 3436 841 3479 se
865 3415 1017 3480 omnibus
1039 3435 1105 3502 prae

122 3496 226 3581 fectis,
249 3500 306 3582 qui
328 3499 363 3562 in
386 3499 493 3564 officio
517 3502 704 3586 manebant,
727 3502 854 3566 misisse
877 3503 1016 3590 litteras,
1039 3509 1105 3570 ute
