2324 4020
117 263 159 327 70
441 260 524 314 xvn.
544 259 748 315 Acnsmnus.
777 267 801 316 s.

115 407 234 492 ignoti,
265 404 382 470 faciem
409 405 478 469 eius
506 426 579 469 cum
611 404 826 488 intuerentur,
855 410 1018 471 contemne

116 495 171 577 qui
194 498 303 559 autem
329 493 468 557 virtutes
496 496 666 575 noverant,
693 514 759 557 non
785 496 939 576 poterant
966 495 1018 558 adr

81 599 96 646 2
116 582 206 647 satis.
238 580 372 664 quodei
390 602 451 644 usu
469 580 567 663 venit,
590 602 664 645 oum
682 601 840 644 annorum
860 583 1018 667 octoginta

116 671 198 735 sidio
217 668 326 733 Tacho
349 669 384 732 in
402 668 589 753 Aegyptum
611 669 725 732 missus
743 672 829 732 esset
848 673 881 732 et
900 670 935 733 in
953 674 1018 734 acta

116 757 183 822 suis
211 756 415 822 accubuisset
441 756 511 819 sine
537 756 604 820 ullo
633 759 721 820 tecto
751 760 955 839 stratumque
985 758 1018 822 ha

116 845 195 929 tale,
221 849 260 908 ut
287 847 375 908 terra
401 848 489 908 tecta
516 846 602 908 esset
630 845 818 907 stramentis
841 866 946 928 neque
970 846 1018 909 hu

114 933 200 1015 plius
229 953 326 1015 quam
353 931 448 1015 pellis
477 935 563 996 esset
590 930 722 1014 iniecta,
750 932 862 997 eodem
891 954 955 1015 quo
985 956 1018 998 co

116 1041 227 1084 omnes
250 1019 372 1083 vestitu
394 1019 510 1084 humili
534 1023 631 1102 atque
655 1019 813 1103 obsoleto,
835 1025 872 1083 ut
896 1043 1009 1085 eorum

116 1112 169 1172 tus
191 1129 258 1172 non
280 1107 375 1171 modo
399 1108 433 1170 in
452 1107 498 1171 eis
521 1127 632 1191 regem
649 1107 812 1172 neminem
831 1108 1016 1192 significare

115 1195 263 1260 homines
286 1216 434 1260 essenon
460 1195 669 1258 beatissimos
699 1195 916 1278 suspicionem
939 1219 1019 1279 prae

80 1299 96 1347 3
115 1284 211 1348 huius
239 1284 277 1349 de
305 1283 445 1347 adventu
471 1281 559 1345 fama
586 1304 659 1346 cum
682 1282 722 1345 ad
745 1283 852 1367 regios
876 1288 964 1348 esset
987 1308 1018 1368 pr

116 1371 264 1437 celeriter
286 1392 420 1434 munera
442 1391 480 1435 eo
504 1370 658 1453 cuiusque
681 1371 809 1454 generis
829 1376 906 1435 sunt
924 1372 1018 1436 allata

117 1458 345 1541 quaerentibus
360 1456 551 1541 Agesilaum
568 1458 623 1521 vix
640 1457 719 1522 fides
743 1458 829 1522 facta
848 1463 907 1542 est,
930 1483 1018 1524 unun

80 1561 155 1610 lex
186 1545 226 1609 iis
263 1545 319 1627 qui
348 1548 419 1608 tum
447 1545 656 1609 accubabant.
712 1545 768 1629 qui
795 1567 868 1611 cum
896 1549 985 1632 regis
1013 1572 1018 1588 ยน

117 1654 198 1716 quac
226 1633 404 1696 attulerant
436 1631 612 1716 dedissent,
644 1632 699 1698 illc
731 1638 860 1716 praeter
887 1635 1018 1700 vitulina

116 1721 184 1785 eius
208 1720 295 1785 modi
318 1741 438 1804 genera
460 1720 596 1804 obsonii,
620 1741 702 1804 quae
720 1743 872 1804 praesens
891 1726 1018 1807 tempus

116 1809 259 1891 derabat,
276 1808 360 1872 nihil
379 1809 517 1892 accepIt:
540 1812 715 1894 unguenta,
734 1831 868 1874 coronas
884 1813 1018 1876 secunda

82 1911 261 1962 emensam
289 1897 390 1962 servis
418 1896 595 1980 dispertiit,
627 1901 735 1961 cetera
761 1897 874 1962 referri
906 1898 1011 1963 iussit.

115 1985 203 2050 facto
226 2006 300 2049 eum
322 1985 453 2049 barbari
476 1985 581 2070 magis
605 1985 705 2048 etiam
728 1989 1007 2071 contempserunt,

116 2094 189 2136 oum
204 2073 390 2157 ignorantia
403 2073 564 2138 bonarum
577 2094 685 2136 rerum
700 2073 778 2136 vilia
791 2074 1000 2157 potissimum
1015 2100 1018 2138 ฮน

117 2160 197 2223 sisse
221 2160 473 2224 arbitrabantur.

81 2261 97 2310 c
204 2244 268 2310 Hic
287 2268 359 2311 cum
378 2269 417 2311 ex
430 2245 582 2332 Aegypto
602 2252 825 2332 reverteretur,
848 2249 987 2314 donatus
1006 2272 1018 2313 a

116 2332 339 2398 Nectanabide
358 2334 503 2399 ducentis
523 2336 639 2421 viginti
658 2336 801 2421 talentiS,
824 2358 906 2420 quae
925 2338 981 2403 ille
996 2360 1018 2400 11

115 2421 236 2507 populo
260 2443 318 2495 suo
342 2422 442 2507 daret,
464 2423 667 2507 venissetque
690 2425 725 2488 in
742 2429 883 2509 portum,
907 2425 963 2508 qui
982 2425 1018 2489 M

115 2515 264 2594 vocatur,
286 2510 394 2575 iacens
417 2511 504 2576 inter
527 2510 669 2595 Cyrenas
693 2517 727 2577 et
749 2511 952 2598 Aegyptum,
981 2513 1014 2576 in

82 2613 96 2661 t
116 2599 195 2662 bum
217 2598 394 2681 implicitus
418 2599 564 2664 decessit.
598 2600 738 2664 ibicum
761 2601 865 2684 amici,
890 2623 954 2683 quo
970 2599 1018 2685 Sp:

116 2684 243 2750 facilius
266 2685 407 2768 perferre
425 2690 567 2771 possent,
591 2688 677 2770 quod
691 2687 755 2753 mel
768 2710 835 2752 non
851 2688 1018 2772 habebant,

117 2772 390 2837 circumfuderunt
413 2779 510 2858 atque
534 2775 581 2838 ita
604 2776 736 2839 domum
755 2777 961 2841 rettulerunt.

424 3075 554 3150 XVIII.
582 3076 820 3148 EUMENES.

83 3210 100 3274 1
204 3209 366 3276 Eumenes
395 3210 580 3277 Cardianus.
626 3214 722 3278 huius
751 3215 779 3277 si
808 3215 922 3279 virtuti
956 3238 1014 3299 par

117 3301 203 3361 essct
225 3297 370 3382 fortuna,
393 3320 459 3362 non
481 3300 536 3365 ille
560 3301 690 3385 quidem
713 3302 817 3366 maior
840 3305 1013 3386 exstilissct,

118 3406 253 3469 magnos
280 3386 428 3450 homines
458 3387 578 3453 virtute
606 3390 773 3473 metimur,
799 3411 866 3454 non
892 3389 1018 3455 fortuna

82 3471 220 3536 amulto
253 3472 413 3536 illustrior
440 3477 537 3557 atque
566 3477 665 3540 etiam
696 3477 896 3542 honoratior.
947 3501 1018 3542 nam

118 3562 207 3622 aetas
231 3560 300 3625 eius
323 3559 491 3625 incidisset
508 3564 543 3626 in
562 3585 600 3627 ea
617 3568 775 3648 tempora,
799 3566 916 3647 quibus
932 3565 1018 3632 Mac<
