2324 4020
305 216 388 272 xxv.
408 215 570 273 armeus.
600 222 713 273 14-1e.
951 219 1014 284 109

88 361 203 427 'Nemo
218 361 254 426 in
267 362 415 426 convivio
429 362 498 427 eius
513 362 600 427 aliud
615 384 765 428 acroama
780 364 903 430 audivit
918 386 1015 448 quam
1027 363 1068 430 14

49 454 221 536 agnosten,
243 450 330 533 quod
352 471 412 514 nos
437 450 566 534 quidem
588 451 856 516 iucundissimum
879 452 1016 517 arbitra·

49 561 95 624 ιι,
121 560 226 622 neque
253 560 409 622 umquam
437 539 505 603 sine
533 538 642 622 aliqua
668 540 807 604 lectione
834 542 918 624 apud
942 562 1016 604 eum

49 631 162 692 natum
189 630 252 710 est,
278 630 316 690 ut
338 647 404 690 non
426 627 533 691 minus
557 628 665 692 animo
688 650 787 712 quam
809 633 920 693 ventre
944 649 1016 693 con-

49 738 102 781 rae
140 714 395 780 delectarentur:
431 737 570 798 namque
603 737 658 780 eos
689 717 846 802 vocabat,
878 732 1051 801 quoruma

49 826 118 870 ares
141 824 160 868 a
188 803 255 867 suis
281 825 348 866 ιιοιι
375 803 595 868 abhorrerent.
641 826 714 869 cum
741 808 836 870 tanta
861 805 1016 890 pecuniae

49 897 99 958 eta
122 894 208 956 esset
193 891 380 976 t,accessio
401 890 484 956 nihil
503 892 541 956 de
561 892 739 958 cottidiano
760 894 849 958 cultu
868 893 1017 977 mutavit,

49 981 92 1044 hil
116 980 154 1043 de
178 979 264 1044 vitae
288 979 531 1063 consuetudine,
558 984 714 1064 tantaque
737 1003 815 1046 usus
839 987 889 1047 est
912 982 1018 1047 mode·

49 1068 154 1152 tione,
182 1072 221 1132 ut
242 1088 346 1151 neque
368 1068 404 1132 in
430 1030 582 1133 sesteitio
610 1069 745 1153 viciam,
774 1071 859 1153 quod
882 1093 902 1135 a
924 1074 1017 1154 patre

49 1160 192 1257 ceperat,
219 1177 335 1240 parum
362 1177 396 1220 se
424 1157 589 1239 splendide
616 1158 756 1242 gesserit
783 1180 887 1241 neque
914 1158 949 1222 in
972 1180 1018 1223 se·

49 1245 129 1310 ertio
158 1244 302 1308 centiens
330 1243 460 1309 afluent'
436 1248 501 1309 trus
528 1245 659 1330 vixerit,
691 1267 789 1329 quam
820 1247 1018 1330 instituerat,

49 1334 147 1416 rique
173 1332 308 1418 fastigio
337 1333 502 1397 steterit
492 1355 528 1397 m
553 1337 691 1417 utraque
723 1333 865 1398 fortuna.
909 1335 1053 1399 nullost

49 1422 129 1487 abuit
159 1422 291 1506 hortos,
322 1421 447 1485 nullam
478 1422 698 1487 suburbanam
730 1427 788 1487 aut
819 1422 1019 1488 maritimam

49 1514 239 1594 mptuosam
265 1509 390 1594 villam,
417 1531 520 1592 neque
548 1509 583 1574 in
605 1509 716 1594 Italia,
743 1515 873 1595 praeter
895 1510 1019 1576 Arreti-

49 1621 91 1664 ιιιι
115 1602 148 1663 et
170 1596 427 1681 Nomentanum,
454 1598 613 1663 rusticum
639 1599 821 1684 praedium,
850 1600 1019 1684 omnisque

49 1709 82 1752 us
111 1686 264 1770 pecuniae
292 1685 415 1749 reditus
443 1686 615 1751 constabat
641 1686 676 1751 ιιι
702 1687 881 1771 Epiroticis
909 1692 942 1752 et
968 1710 1020 1752 ur·

49 1775 108 1839 mis
135 1773 403 1858 possessionibus.
449 1795 488 1837 ex
515 1796 578 1856 quo
606 1776 760 1860 cognosci
786 1780 897 1859 potest
924 1798 1020 1841 usum

49 1885 89 1928 un
120 1861 273 1946 pecuniae
304 1882 370 1926 non
402 1862 637 1946 magnitudine,
670 1863 726 1928 sed
755 1865 881 1928 ratione
911 1864 1020 1928 metiri

49 1951 158 2014 lilium.

103 2036 307 2102 Mendacium
337 2058 441 2121 neque
472 2038 601 2104 dicebat
635 2059 739 2122 neque
774 2041 845 2124 pati
880 2044 1020 2124 poterat.
1031 2039 1072 2104 15

49 2149 126 2210 aque
155 2126 224 2190 eius
252 2126 388 2190 comitas
417 2147 483 2191 non
510 2127 580 2191 sine
612 2128 783 2192 severitate
814 2133 886 2194 erat
916 2151 1021 2213 neque

49 2215 161 2280 :avitas
193 2214 262 2278 sine
293 2213 465 2298 facilitate,
496 2219 534 2279 ut
567 2214 697 2280 difficile
725 2221 811 2281 esset
843 2218 1021 2301 intellectu,

49 2326 127 2368 rum
145 2324 219 2367 eum
237 2303 332 2367 amici
351 2303 456 2387 magis
475 2307 663 2367 vererentur
682 2326 724 2368 an
742 2310 898 2370 amarent.
932 2307 1022 2389 quid·

49 2392 94 2456 rid
117 2391 303 2476 rogabatur,
326 2391 478 2475 religiose
500 2392 724 2477 promittebat,
747 2394 834 2476 quod
855 2415 921 2458 non
943 2394 1021 2458 libe

49 2480 116 2564 des,
145 2478 201 2543 sed
222 2480 309 2544 leves
333 2479 555 2544 arbitrabatur
577 2480 724 2564 polliceri
746 2482 833 2564 quod
854 2485 1020 2565 praestare

49 2591 83 2633 ιιι
105 2571 247 2651 possent.
282 2567 368 2631 idem
385 2567 420 2631 in
442 2568 590 2651 tenendo,
614 2568 700 2651 quod
723 2569 822 2633 semel
845 2569 1021 2654 annuisset,
1039 2584 1055 2632 ι

49 2660 111 2720 nta
134 2659 204 2720 erat
227 2677 312 2740 cura,
334 2659 372 2719 ut
392 2677 460 2720 non
482 2657 678 2741 mandatam,
701 2656 756 2721 sed
780 2679 872 2722 suam
890 2679 960 2730 rem
977 2659 1022 2722 vi·

49 2747 149 2808 eretur
176 2764 279 2828 agere.
323 2764 501 2826 numquam
528 2744 671 2828 suscepti
698 2746 823 2831 negotii
851 2767 924 2810 eum
951 2768 1021 2830 per·

49 2853 146 2897 esum
169 2836 232 2896 est:
264 2853 356 2896 suam
386 2832 473 2896 enirn
496 2832 802 2897 existimationem
792 2855 888 2898 mea
910 2855 945 2897 re
968 2835 1022 2920 agi

49 2921 165 3003 itabat,
189 2940 252 3002 qua
273 2919 356 2984 nihil
377 2919 521 2984 habebat
544 2921 659 2985 carius.
697 2941 759 3003 quo
783 2922 938 2986 fiebatt
900 2925 938 2986 ut
956 2944 1023 2986 om·
1040 2937 1056 2985 3

49 3006 296 3091 aGiceronum‚
318 3005 361 3071 Μ.
380 3006 523 3091 Catonis,
547 3009 584 3085 Q
602 3007 780 3093 Hortensii,
802 3008 842 3074 A
856 3009 1022 3093 Torqua

49 3097 198 3161 ultorum
215 3059 382 3180 prae'terea
399 3060 546 3180 equituin
560 3060 782 3161 Romanoruni
800 3101 900 3183 negot
901 3098 933 3162 ia
950 3119 1022 3180 pro·

49 3188 156 3249 rraret.
188 3206 227 3248 ex
241 3206 304 3268 quo
323 3184 459 3248 iudicari
476 3189 587 3269 potest
599 3207 666 3249 non
683 3185 809 3269 inertia,
828 3186 884 3250 sed
902 3185 1021 3249 iudicio

49 3274 142 3359 lgisse
165 3272 213 3336 rei
235 3272 383 3355 publicae
406 3274 677 3356 procurationem.

106 3359 330 3425 Humanitatis
353 3382 429 3425 vero
452 3361 578 3426 nullum
600 3361 715 3426 afferre
742 3361 845 3425 maius
876 3360 1074 3424 testimo-16

49 3451 109 3513 lum
131 3470 274 3533 possum,
298 3470 395 3531 quam
414 3449 499 3532 quod
517 3450 703 3515 adulescens
723 3448 808 3512 idem
827 3448 896 3512 seni
913 3446 1021 3511 Sullae

49 3538 83 3602 u't
105 3537 369 3621 iucundissimus,
399 3558 495 3601 senex
519 3536 716 3603 adulescenti
738 3535 782 3599 M.
805 3535 922 3619 Bruto,
949 3556 1022 3600 cum
