2324 4020
148 251 189 315 14
323 198 325 201 ⁵
447 246 482 301 11.
501 244 784 302 rnnusrocnns.
813 251 854 300 ιο.
950 315 954 325 ¹

145 389 249 476 bant),
263 390 478 475 Lampsacum
492 393 610 472 autem,
624 389 707 454 unde
716 389 828 454 vinum
842 394 994 474 sumeret,
1006 389 1135 476 Myunri
1152 385 1162 470 j

146 502 184 549 ex
207 502 271 568 qua
294 479 466 546 obsonium
488 478 633 548 haberet.
1130 477 1133 486 ⁴
1159 491 1162 499 ’

232 567 338 635 Huius
366 567 406 631 ad
432 570 580 655 nostram
608 565 799 630 memoriam
826 571 1037 631 monumenta
1073 597 1105 624 a:
1127 502 1162 649 l

146 660 259 725 serunt
281 654 566 737 duo:‘sepulcrum
587 675 688 737 prope
712 653 875 737 oppidum,
898 654 934 717 in
952 676 1016 738 quo
1037 659 1088 720 est
1107 680 1162 737 g

110 745 265 831 epultus,
284 747 394 808 statua
411 742 447 805 in
464 741 535 805 foro
550 739 746 826 Magnesiae.
778 742 818 806 de
836 741 928 806 cuius
947 746 1054 807 morte
1072 734 1128 808 md
1159 744 1161 755 '

145 832 278 900 limodis
301 830 386 914 apud
408 830 580 912 plerosque
604 829 840 914 scriptumest,
863 829 920 894 sed
937 851 1000 895 nos
1018 830 1107 896 eund
1154 832 1155 841 ³

144 919 352 1005 potissimum
366 917 586 1001 Thucydidem
600 921 766 982 auctorem
785 917 971 1002 probamus,
991 917 1048 1002 qui
1060 918 1114 983 illo
1146 947 1162 1032 g

146 1008 194 1073 ait
222 1005 410 1091 Magnesiae
443 1005 556 1069 morbo
589 1009 755 1069 mortuum
785 1026 889 1088 neque
912 1010 1022 1092 ⁴negat
1075 1037 1107 1062 ι»
1145 1016 1162 1088 ἡ

145 1094 276 1178 lamam,
298 1114 457 1158 venenum
480 1114 539 1157 sua
561 1097 677 1176 sponte
701 1093 887 1177 sumpsisse,
910 1115 985 1158 cum
1005 1115 1050 1178 se,
1071 1115 1109 1178 q=
1145 1099 1162 1177 j

146 1182 217 1269 regi
240 1182 279 1246 de
299 1179 436 1245 Graecia
454 1181 663 1264 opprimenda
684 1181 851 1263 pollicitus
870 1185 966 1265 esset,
988 1203 1077 1264 prae
1102 1216 1104 1235 ι
1145 1192 1162 1279 ᾖ

112 1289 241 1356 apossa
271 1270 465 1353 desperaret.
510 1269 598 1333 idem
621 1290 696 1333 ossa
719 1269 788 1332 eius
811 1269 896 1333 clam
918 1269 954 1332 in
975 1268 1113 1335 Attica:
1145 1283 1162 1384 q

147 1359 260 1424 amicis
274 1358 411 1440 sepulta,
425 1357 578 1439 quoniam
592 1356 719 1442 legibus
733 1378 800 1420 non
814 1356 1052 1442 concederetur,
1066 1378 1114 1442 qu
1145 1387 1162 1441 g

76 1508 82 1521 ,
145 1445 339 1531 proditionis
363 1449 450 1508 essct
472 1443 653 1526 damnatus,
676 1445 851 1508 memoriae
873 1443 1026 1528 prodidit.
1145 1446 1162 1549 ᾖ

476 1743 540 1818 ΙΠ.
569 1744 827 1816 ARISTIDES.
960 1823 962 1827 ,
1145 1550 1162 1796 l

111 1889 126 1949 1
235 1882 411 1966 Aristides,
434 1880 621 1966 Lysimachi
643 1882 744 1965 filius,
766 1882 987 1966 Atheniensis,
1012 1903 1086 1968 aeq
1099 1884 1118 1937 ιζ
1146 1828 1162 1965 l

146 1969 214 2036 iere
236 1972 300 2036 fuit
318 1970 531 2036 Themistocli
554 1976 651 2055 atque
670 1992 744 2036 cnm
762 1991 800 2034 eo
819 1970 858 2035 da
876 1970 1066 2054 principatu
1104 2001 1109 2024 ι
1147 1977 1162 2053 ἦ

112 2059 266 2125 stendit:
305 2079 446 2142 namque
469 2059 696 2123 obtrectarunt
718 2059 804 2123 inter
827 2079 870 2122 se.
915 2059 950 2121 in
971 2058 1024 2123 his
1047 2080 1109 2123 au
1147 2060 1162 2143 ’ἑ

148 2148 316 2232 cognitum
344 2150 409 2230 est,
437 2150 559 2228 quanto
587 2150 767 2210 antestaret
795 2146 981 2229 eloquentia
1008 2167 1111 2210 mnov-
1148 2147 1162 2227 ᾖ

57 2258 64 2269 ·
148 2235 222 2299 tiae.
268 2253 464 2316 quamquam
487 2233 574 2297 enim
597 2234 675 2298 adeo
699 2234 878 2298 excellebat
900 2233 1063 2299 Aristides
1085 2254 1120 2305 a¹
1148 2266 1162 2313 1

148 2321 301 2404 tinentia,
332 2323 370 2384 ut
398 2341 480 2384 unus
511 2324 588 2403 post
621 2321 790 2387 hominum
822 2322 1029 2404 memoriam,
1150 2354 1162 2401 q

149 2410 279 2494 quidem
300 2429 361 2472 nos
384 2407 595 2492 audierimus,
623 2410 814 2494 cognomine
842 2408 953 2473 Iustus
981 2409 1027 2474 sit
1050 2431 1103 2492 ap
1150 2411 1162 2487 i

147 2498 249 2582 latus,
276 2501 387 2561 tamen
409 2518 429 2560 a
451 2495 669 2562 Themistocle
692 2496 925 2562 collabefactus
949 2498 1071 2561 testula
1114 2527 1117 2547 ι
1152 2529 1162 2572 2

114 2585 245 2652 besilio
268 2585 378 2650 decem
402 2605 560 2649 annorum
583 2585 741 2649 multatus
760 2589 819 2648 est.
859 2585 915 2668 qui
934 2585 1064 2668 quidem
1083 2605 1118 2649 cu
1152 2614 1162 2654 ι

148 2673 353 2758 intellegeret
366 2672 499 2756 reprimi
513 2674 710 2737 concitatam
720 2673 963 2737 multitudinem
972 2694 1039 2736 non
1052 2693 1104 2755 po
1152 2700 1162 2744 ι

149 2760 327 2843 cedensque
347 2759 629 2825 animadvertisset
648 2761 808 2845 quendam
822 2761 1029 2843 scribentem,
1048 2764 1086 2824 ut
1109 2794 1113 2812 ‹
1153 2788 1162 2832 ι

149 2848 214 2913 tria
230 2848 415 2932 pelleretur,
434 2848 598 2931 quaesisse
612 2850 653 2913 ab
669 2870 706 2912 eo
726 2848 853 2932 dicitur,
873 2869 971 2932 quare
985 2848 1018 2912 id
1036 2847 1105 2912 face
1161 2879 1162 2884 ι

149 2941 207 3000 aut
221 2935 298 3019 quid
312 2934 474 3000 Aristides
489 2934 716 3020 commisisset,
735 2957 792 3000 cur
810 2939 904 3001 tanta
922 2957 1028 3019 poena
1041 2935 1129 3020 dign,

115 3024 328 3089 educeretur.
374 3023 425 3088 cui
455 3023 510 3087 ille
540 3023 708 3107 respondit
738 3045 772 3088 se
802 3024 954 3110 ignorare
981 3022 1128 3087 Aristid

150 3110 206 3176 aed
229 3111 292 3176 sibi
315 3131 382 3175 non
403 3111 544 3195 placere,
568 3112 654 3195 quod
677 3116 746 3176 tam
760 3111 884 3195 ,cupide
906 3111 1099 3194 laborasset,

115 3202 279 3283 epraeter
302 3201 427 3264 ceteros
451 3198 561 3263 Iustus
585 3199 813 3283 appellaretur.
851 3199 906 3264 hic
930 3199 1040 3263 decem
1064 3218 1129 3263 ann

150 3309 222 3352 rum
244 3287 426 3373 legitimam
448 3308 587 3372 poenam
609 3307 675 3352 non
697 3286 844 3370 pertulit.
884 3307 962 3351 nam
984 3290 1129 3370 postqu¹

150 3374 272 3440 Xerxes
296 3375 331 3439 in
354 3372 524 3440 Graeciam
546 3374 722 3460 descendit,
746 3378 838 3439 sexto
861 3374 929 3439 fere
952 3396 1038 3438 anno
1063 3368 1135 3458 qus
1159 3407 1162 3429 ι

150 3466 220 3528 erat
244 3463 411 3547 expulsus,
437 3462 550 3546 populi
578 3463 661 3526 scito
684 3463 718 3527 in
740 3461 883 3545 patriam
906 3463 1079 3526 restitutus
1108 3491 1119 3516 a
1160 3497 1162 3539 Ι

71 3602 76 3613 .
115 3552 136 3615 2
239 3550 395 3616 Interfuit
427 3554 536 3615 autem
567 3570 695 3634 pugnae
726 3549 835 3614 navali
867 3549 953 3633 apud
986 3547 1121 3614 Salam‘
1161 3604 1162 3646 ,
