2324 4020
334 215 407 304 rin.
427 217 596 274 rnocror.
626 225 650 275 a.
669 224 694 273 4.
980 218 1020 284 81

10 366 152 444 utraque
183 361 397 426 Macedonum
432 361 622 445 patrociniis
655 362 823 426 utebatur:
859 384 936 427 nam
967 384 1023 447 po-

10 451 144 534 pulares
171 449 425 533 Polyperchonti
452 449 618 532 favebant,
646 450 821 533 optimates
850 472 923 515 cum
947 449 1022 516 Oas-

10 538 132 603 sandro
162 537 353 602 sentiebant.
398 537 530 601 interim
558 559 578 600 a
603 537 863 621 Polyperchonte
887 537 1057 604 Cassan-a

10 625 91 691 drus
105 623 296 690 Macedonia
309 626 421 708 pulsus
436 629 495 690 est.
528 647 592 708 quo
611 624 699 690 facto
718 626 858 710 populus
873 627 1022 710 superior

10 712 122 779 factus
146 713 259 778 statim
282 713 378 777 duces
402 712 603 777 adversariae
625 712 778 778 factionis
800 714 917 798 capitis
936 715 1023 778 dam·

10 805 110 867 natos
129 801 237 885 patria
258 801 414 885 propulit,
437 800 536 865 ineis
555 800 754 865 Phocionem
773 806 806 866 et
819 801 1023 867 Demetrium

10 886 223 974 Phalereum,
252 890 354 973 deque
382 910 420 953 ea
447 909 481 953 re
509 889 636 973 legatos
664 888 705 952 ad
728 889 1024 974 Polyperchontem

12 978 117 1059 misit,
141 977 197 1059 qui
220 976 261 1041 ab
284 998 323 1041 eo
345 981 495 1061 peterent
516 980 554 1040 ut
577 997 636 1040 sua
658 978 789 1041 decreta
808 979 1024 1043 confirmaret.

39 1086 80 1131 uc
102 1064 215 1129 eodem
237 1064 402 1148 profectus
427 1068 477 1128 est
499 1063 653 1129 Phocion.
689 1085 752 1147 quo
776 1070 813 1129 ut
831 1067 929 1149 venit,
953 1085 1059 1133 cau-3

53 1174 88 1217 m
115 1152 200 1236 apud
226 1152 416 1236 Philippum
443 1173 553 1238 regem
580 1152 694 1234 verb0,
726 1174 761 1216 re
793 1153 865 1237 ipsa
895 1154 1025 1237 quidem

37 1241 102 1325 pud
130 1240 424 1323 Polyperchontem
455 1240 562 1304 iussus
591 1244 642 1303 est
672 1239 790 1304 dicere:
826 1262 967 1323 namque
995 1242 1024 1309 is

55 1350 90 1393 m
111 1327 198 1414 regis
221 1330 317 1393 rebus
340 1331 498 1411 praeerat.
542 1327 596 1391 hic
619 1327 661 1391 ab
683 1327 821 1413 Agnone
845 1333 1061 1414 accusatus,4

39 1417 104 1482 uod
131 1415 282 1481 Piraeum
309 1414 466 1480 Nicanori
492 1415 703 1499 prodidisset,
732 1438 771 1479 ex
799 1416 927 1480 consilii
956 1438 1026 1481 sen·
1054 1461 1057 1466 -

51 1505 123 1569 ntia
150 1503 185 1568 in
212 1504 392 1569 custodiam
416 1503 579 1568 coniectus
603 1503 750 1568 Athenas
781 1504 937 1569 deductus
967 1508 1026 1590 est,

41 1597 56 1657 t
78 1592 126 1656 ibi
149 1591 188 1655 de
211 1613 249 1656 eo
272 1592 400 1678 legibus
423 1591 516 1655 fieret
540 1591 704 1656 iudicium.

106 1678 180 1744 Huc
202 1684 240 1743 ut
261 1685 453 1763 perventum
477 1683 536 1762 est,
560 1701 633 1743 cum
656 1684 791 1763 propter
814 1684 956 1744 aetatem
973 1683 1066 1764 pe-4

43 1769 113 1832 'bus
136 1767 202 1831 iam
222 1789 290 1832 non
312 1768 434 1831 valeret
457 1766 668 1849 vehiculoque
691 1772 892 1851 portaretur,
916 1769 1026 1853 magni

23 1876 194 1943 ,oncursus
217 1859 293 1920 sunt
319 1854 412 1938 facti,
440 1876 514 1919 cum
541 1855 610 1938 alii,
638 1855 882 1919 reminiscentes
905 1855 1025 1919 veteris

87 1965 135 2028 ae,
158 1943 275 2007 aetatis
299 1943 545 2026 misererentur,
567 1942 701 2026 plurimi
723 1964 800 2006 vero
824 1943 873 2005 ira
896 1964 1027 2006 exacue-

38 2036 133 2097 entur
154 2035 288 2115 propter
309 2030 504 2115 proditionis
528 2030 746 2114 suspicionem
770 2029 902 2110 [Piraei]
927 2031 1026 2093 maxi-
1078 2072 1081 2075 -

53 2140 134 2204 eque
169 2119 254 2202 quod
281 2119 433 2183 adversus
460 2118 574 2202 populi
601 2117 770 2182 commoda
801 2118 836 2181 in
859 2122 1026 2182 senectute

71 2211 167 2272 terat.
213 2228 311 2290 quare
337 2228 378 2270 ne
403 2206 575 2291 perorandi
603 2205 733 2288 quidem
757 2206 787 2271 ei
810 2207 886 2270 data
910 2210 961 2270 est
982 2206 1061 2271 faa-a

73 2300 126 2359 tas
149 2293 269 2359 dicenti
293 2315 424 2359 causam
446 2294 481 2357 in
499 2293 632 2358 iudicio:
655 2293 814 2378 legitimis
834 2295 1028 2377 quibusdam

59 2382 178 2447 nfectis
201 2382 372 2447 damnatus
396 2381 535 2447 traditus
559 2385 610 2445 est
636 2382 878 2465 undecimviris,
909 2382 1027 2463 quibus

93 2469 288 2554 supplicium
322 2491 411 2534 more
440 2469 690 2557 Atheniensium
721 2469 849 2553 publice
881 2468 1027 2532 damnati

94 2559 106 2622 i
130 2558 245 2623 solent.
288 2559 342 2622 hic
367 2580 439 2622 cum
467 2558 507 2622 ad
534 2561 673 2622 mortem
701 2558 884 2639 duceretur,
912 2557 1061 2622 obviuss

44 2646 50 2660 '
78 2647 143 2711 fuit
168 2645 377 2729 Euphiletus,
409 2667 473 2729 quo
500 2645 707 2709 familiariter
733 2645 840 2709 fuerat
867 2665 954 2709 usus.
1000 2644 1027 2708 is

122 2733 295 2798 lacrimans
324 2733 458 2798 dixisset
485 2732 516 2798 ‘o
545 2755 642 2816 quam
675 2733 808 2818 indigna
839 2732 1029 2817 perpeteris,

49 2821 193 2887 hocionl'
225 2822 301 2886 huic
327 2822 382 2886 ille
405 2820 452 2885 ‘at
473 2843 540 2886 non
567 2821 747 2904 inopinata'
770 2821 893 2903 inquit:
931 2820 1028 2885 ‘hunc

64 2910 71 2924 '
126 2909 249 2974 exitum
265 2909 411 2993 plerique
426 2909 504 2974 clari
518 2909 580 2974 viri
593 2909 778 2973 habuerunt
791 2907 1028 2973 Athenienses?

29 2994 36 3009 ⁴
72 2997 136 3063 hoc
154 3001 283 3062 tantum
301 2997 365 3062 fuit
384 2997 493 3062 odium
512 2996 740 3080 multitudinis,
762 2999 800 3060 ut
820 3017 916 3060 nemo
931 3016 1029 3060 ausus
1049 3014 1068 3060 4

43 3085 67 3151 't
93 3108 168 3151 eum
194 3086 278 3150 liber
308 3085 452 3170 sepelire.
497 3085 607 3169 itaque
631 3105 651 3150 a
674 3085 775 3149 servis
800 3085 946 3168 sepultus
970 3087 1029 3148 est.
