2324 4020
332 220 390 275 XII.
411 219 600 276 CHABRIAS.
629 227 706 275 2-4.
983 225 1027 287 45

53 366 144 450 ravit,
168 388 241 431 eum
264 365 328 429 dux
346 364 597 430 Atheniensium
621 370 721 450 esset3
743 366 778 430 in
796 365 948 452 Aegypto
969 391 1027 432 sua

53 459 149 520 onte'
171 454 287 539 gessit:
322 475 399 518 nam
435 452 638 518 Nectenebin
677 455 823 519 adiutum
859 455 1025 539 profectus

53 565 155 629 gnum
177 542 207 606 ei
230 542 412 606 constituit.
458 541 536 606 fecit
563 542 648 607 idem
672 540 786 627 Cypri,
814 543 870 607 sed
897 544 1060 628 publicet

53 667 54 684 .
71 630 327 695 Atheniensibus
346 629 518 715 Euagorae
537 630 666 694 adiutor
685 630 790 714 datus,
811 653 917 716 neque
934 633 1025 716 prius

53 720 88 784 de
113 719 278 802 discessit,
302 740 400 802 quam
424 722 530 782 totam
552 718 695 783 insulam
717 718 804 784 bello
828 720 1024 786 devinceret:

53 831 80 873 ra
103 830 143 872 ex
166 830 200 872 re
223 805 440 872 Athenienses
464 828 617 892 magnam
644 807 785 892 gloriam
808 813 884 874 sunt
907 809 1024 892 adepti.

53 897 148 960 terim
174 895 296 959 bellum
323 895 410 958 inter
432 893 616 978 Aegyptios
645 900 678 959 et
701 894 817 961 Persas
848 897 1060 962 conflatumr

53 989 74 1048 t.
107 983 323 1048 Athenienses
343 1004 416 1047 cum
435 981 614 1048 Artaxerxe
638 984 828 1049 societatem
851 985 1025 1070 habebant,

53 1071 262 1137 rcedaemonii
286 1093 359 1136 cum
381 1071 570 1156 Aegyptiis,
593 1094 612 1135 a
636 1072 753 1156 quibus
778 1095 913 1159 magnas
936 1096 1025 1158 prae-

53 1183 72 1224 s
96 1160 278 1247 Agesilaus,
301 1181 359 1224 rex
381 1181 509 1243 eorum,
531 1159 681 1224 faciebat.
727 1160 760 1224 id
788 1161 918 1226 intuens
942 1161 1025 1228 Cha-

54 1250 117 1333 ias,
145 1270 219 1313 cum
240 1249 275 1312 in
298 1270 333 1311 re
355 1247 446 1311 nulla
468 1247 624 1332 Agesilao
648 1248 789 1333 cederet,
821 1272 879 1313 sua
908 1255 1024 1334 sponte

55 1360 70 1403 s
93 1338 240 1402 adiutum
264 1335 430 1419 profectus
453 1335 636 1420 Aegyptiae
661 1337 757 1401 classi
785 1336 941 1421 praefuit,
971 1360 1023 1422 pe-

54 1426 177 1491 stribus
201 1425 302 1508 copiis
325 1423 509 1509 Agesilaus.

102 1514 185 1578 Tum
204 1513 361 1596 praefecti
374 1513 461 1596 regis
475 1511 593 1576 Persae
608 1512 735 1596 legatos
751 1515 909 1580 miserunt
924 1514 1024 1580 Athe·
1042 1515 1062 1578 3

53 1626 72 1667 s
96 1606 256 1686 questum,
280 1601 365 1684 quod
389 1600 547 1665 Chabrias
571 1599 740 1664 adversum
766 1623 877 1687 regem
900 1603 1022 1667 bellum

53 1694 142 1755 reret
162 1712 234 1755 cum
253 1688 435 1773 Aegyptiis
463 1687 679 1752 Athenienses
699 1689 784 1754 diem
803 1696 926 1756 certam
942 1690 1023 1756 Cha-

53 1781 103 1844 iae
126 1779 392 1862 praest'tuerrmt,
416 1798 513 1860 quam
537 1779 612 1839 ante
636 1776 767 1841 domum
790 1779 853 1842 nisi
876 1780 1022 1862 redisset,

52 1867 131 1951 pitis
160 1889 194 1931 se
221 1866 315 1930 illum
345 1866 556 1929 damnaturos
587 1864 827 1930 denuntiarunt.
873 1866 935 1930 hoc
966 1867 1022 1930 ille

53 1957 128 2020 mtio
152 1954 298 2019 Athenas
322 1953 428 2035 rediit,
450 1973 554 2037 neque
577 1952 623 2015 ibi
647 1952 769 2017 diutius
792 1957 843 2017 est
866 1957 1022 2037 moratus,

53 2067 112 2109 ram
134 2042 198 2107 fuit
220 2063 360 2108 necesse.
399 2063 466 2105 non
489 2041 575 2105 enim
598 2040 737 2105 libenter
760 2045 831 2106 erat
854 2045 929 2105 ante
949 2057 1056 2106 ocu-a

53 2154 63 2196 s
87 2153 219 2196 suorum
243 2130 370 2214 civium,
394 2130 480 2212 quod
504 2134 536 2193 et
559 2128 690 2193 virebat
712 2130 801 2194 laute
825 2134 858 2193 et
877 2129 1021 2215 indulge-

53 2225 71 2286 ‚t
104 2221 167 2285 sibi
198 2219 379 2302 liberalius,
412 2240 509 2301 quam
536 2221 574 2280 ut
603 2217 759 2281 invidiam
786 2217 876 2304 vulgi
908 2223 1021 2302 posset

53 2310 162 2394 irgere.
195 2312 245 2372 est
260 2307 346 2370 enim
359 2307 421 2370 hoc
436 2326 606 2370 commune
621 2305 738 2370 vitium
752 2307 880 2391 magnis
894 2306 1020 2370 liberis·
1039 2323 1055 2368 a

53 2419 75 2462 le
94 2396 292 2480 civitatibus,
309 2398 348 2459 ut
366 2394 487 2459 invidia
506 2393 630 2480 gloriae
645 2415 752 2458 comes
768 2395 812 2458 sit
830 2398 864 2457 et
881 2394 1021 2457 libenter

74 2486 116 2549 iis
139 2485 327 2567 detrahant,
356 2504 436 2566 quos
460 2483 601 2547 eminere
624 2482 755 2547 videant
778 2481 889 2565 altius,
916 2503 1019 2564 neque

53 2574 121 2638 imo
141 2594 243 2656 aequo
266 2593 423 2656 pauperes
443 2571 581 2635 alienam
601 2570 802 2654 opulentiam
823 2570 1020 2634 intueantur.

53 2683 123 2747 ique
146 2661 319 2744 Chabrias,
347 2660 454 2743 quoad
477 2660 506 2723 ei
533 2658 667 2741 licebat,
693 2658 870 2741 plurimum
898 2658 1019 2722 aberat.

53 2773 115 2835 que
146 2771 221 2814 vero
255 2749 344 2813 solus
376 2748 431 2812 ille
465 2748 578 2811 aberat
605 2746 744 2812 Athenis
777 2744 931 2829 libenter,
964 2745 1054 2810 seda

53 2861 123 2904 mes
146 2838 214 2902 fere
236 2836 399 2920 principes
423 2836 570 2900 fecerunt
593 2835 691 2919 idem,
722 2833 808 2917 quod
831 2838 960 2898 tantum
984 2855 1018 2898 se

80 2927 202 2991 invidia
228 2925 390 3008 putabant
418 2923 579 3007 afuturos,
610 2925 768 3006 quantum
796 2943 815 2985 a
843 2926 1019 3005 conspeetu

53 3037 145 3080 orum
176 3013 377 3078 recesserint.
422 3013 532 3095 itaque
564 3010 678 3077 Conon
708 3009 886 3093 plurimum
919 3008 1018 3093 Cypri

53 3105 101 3187 rit,
123 3103 304 3186 Iphicrates
329 3101 364 3163 in
377 3097 542 3180 Thraecia,
561 3096 751 3160 Timotheus
766 3094 872 3180 Lesbi,
896 3097 1017 3164 Chares

53 3193 114 3278 gei,
146 3190 314 3255 dissimilis
344 3187 473 3271 quidem
500 3185 621 3251 Chares
653 3186 771 3250 horum
799 3188 832 3248 et
859 3185 956 3249 factis
985 3189 1018 3248 et

53 3281 169 3363 nibus,
197 3279 252 3343 sed
280 3282 390 3340 tamen
412 3274 551 3339 Athenis
575 3277 608 3337 et
631 3273 810 3337 honoratus
835 3276 868 3336 et
890 3277 1017 3355 potens.

98 3367 257 3434 Chabrias
289 3368 398 3429 autem
429 3363 527 3445 periit
558 3361 646 3426 bello
678 3361 790 3426 sociali
823 3360 881 3424 tali
912 3359 1055 3423 modat

53 3457 244 3542 pugnabant
262 3452 479 3518 Athenienses
499 3449 626 3515 Chium.
663 3454 733 3513 erat
756 3449 789 3512 in
814 3447 916 3510 classe
936 3445 1017 3510 Cha·

53 3546 96 3611 ias
124 3544 287 3630 privatus,
317 3540 373 3607 sed
397 3560 522 3623 omnes,
553 3538 608 3621 qui
635 3537 669 3600 in
697 3536 893 3620 magistratu
916 3538 1017 3618 orant,
