2324 4020
123 188 165 251 42
484 189 518 244 x,
536 187 633 244 DION.
663 194 687 243 o.
709 193 749 243 ιο.

122 332 308 398 viderentur
330 333 448 399 venire.
480 333 504 397 ii
522 337 656 419 propter
673 332 828 398 notitiam
847 336 923 397 sunt
941 333 1134 399 intromissi.

90 426 158 486 tat
180 422 269 486 illius
292 424 330 486 ut
352 422 453 487 limen
470 421 641 506 intrarant,
663 421 789 487 foribus
814 421 974 486 obseratis
992 422 1030 486 in
1048 423 1131 488 lecto

124 510 296 575 cubantem
319 510 489 594 invadunt,
522 510 694 595 colligant:
725 509 765 573 fit
787 510 958 594 strepitus,
990 511 1072 575 adeo
1096 515 1131 575 ut

90 598 268 663 sexaudiri
295 603 408 682 posset
434 598 524 663 toris.
568 597 635 680 hic,
668 597 753 663 sicut
781 601 856 662 ante
884 618 980 682 saepe
1009 598 1128 665 dictum

123 691 182 770 est,
206 708 304 770 quam
327 687 432 751 invisa
456 686 500 750 sit
522 686 698 772 singularis
720 686 869 769 potentia
892 689 925 749 et
948 686 1127 752 miserande

123 776 205 857 vita,
233 776 288 858 qui
312 796 346 838 se
369 774 472 840 metui
496 794 593 857 quam
616 774 719 839 amari
742 774 881 858 malunt,
911 773 1014 839 cuivis
1037 773 1125 840 facile

89 879 104 924 s
124 862 293 927 intellectu
315 861 388 926 fuit.
423 884 563 946 namque
585 862 636 926 illi
658 862 722 945 ipsi
745 861 906 946 custodes,
928 862 957 927 si
978 867 1124 947 promptu

123 949 262 1015 fuissent
289 950 471 1034 voluntate,
498 950 623 1015 foribus
652 950 793 1015 effractis
822 971 950 1014 servare
973 972 1048 1015 eum
1075 973 1122 1036 po

123 1037 277 1121 tuissent,
309 1038 415 1121 quoad
447 1038 496 1102 illi
527 1039 667 1103 inermes
697 1038 799 1103 telum
830 1037 911 1102 foris
943 1038 1122 1124 flagitantes
1161 1066 1162 1091 ;

123 1126 232 1189 vivum
264 1127 427 1191 tenebant.
473 1127 525 1192 cui
557 1149 631 1192 cum
662 1129 865 1191 succurreret
894 1148 1010 1210 nemo,
1042 1125 1121 1211 Lyco

123 1213 255 1296 quidam
275 1212 496 1298 Syracusanus
515 1237 574 1299 per
591 1213 768 1280 fenestram
787 1214 932 1300 gladium
949 1214 1048 1300 dedit,
1066 1235 1121 1300 quo
1161 1295 1162 1301 ἵ

122 1300 210 1366 Dion
232 1302 422 1369 interfectus
446 1307 506 1367 est.
1161 1373 1162 1376 ,

76 1390 114 1455 10
212 1389 369 1456 Confecta
392 1391 497 1475 caede,
520 1413 594 1455 oum
616 1391 792 1456 multitudo
815 1390 940 1455 visendi
959 1391 1067 1476 gratie
1083 1391 1122 1456 in·

124 1479 272 1561 troisset,
303 1479 451 1543 nonnulli
479 1480 520 1543 ab
549 1479 660 1543 insciis
687 1501 747 1563 pro
774 1478 881 1544 noxiis
909 1479 1122 1544 conciduntur.

123 1589 199 1631 narn
223 1567 320 1632 celeri
342 1589 471 1631 rumore
495 1567 611 1651 dilato,
637 1565 737 1631 Dioni
765 1568 832 1632 vim
860 1566 1009 1651 afletam,
1036 1565 1124 1632 multi

124 1659 363 1738 concurrerant,
387 1655 504 1738 quibus
528 1655 594 1719 tale
616 1654 742 1719 facinus
766 1654 969 1738 displicebat.
1006 1654 1124 1720 iiialsa

124 1743 307 1826 suspicione
339 1743 429 1808 ducti
460 1744 666 1808 immerentes
698 1747 736 1807 ut
768 1743 944 1808 sceleratos
971 1743 1124 1809 occidunt.
1161 1791 1162 1801 .

89 1845 104 1893 2
123 1831 219 1896 huius
238 1831 277 1896 de
295 1836 401 1897 morte
419 1835 456 1896 ut
474 1832 584 1915 palam
606 1831 730 1895 factum
749 1834 807 1914 est,
830 1831 1027 1896 mirabiliter
1041 1829 1124 1917 vulgi

124 1924 251 1984 mutata
274 1924 325 1984 est
348 1920 509 1984 voluntas.
545 1941 622 1984 nam
645 1919 701 2002 qui
724 1919 834 1983 vivum
856 1940 931 1983 eum
954 1924 1123 2001 tyrannum

123 2009 320 2091 vocitarunt,
350 2008 454 2073 eidem
481 2008 691 2072 liberatorem
714 2007 840 2090 patriae
863 2007 1059 2091 tyrannique
1082 2029 1125 2074 ex·

123 2096 288 2178 pulsorem
315 2096 556 2180 praedicabant.
602 2095 649 2158 sic
672 2095 781 2159 subito
812 2095 1035 2160 misericordia
1058 2095 1124 2161 odio

124 2187 336 2265 successerat,
367 2187 405 2247 ut
432 2205 506 2247 eum
533 2204 592 2247 suo
620 2183 777 2268 sanguine
805 2183 846 2247 ab
874 2181 1126 2267 Acherunte,si

89 2273 271 2354 spossent,
302 2274 455 2354 cuperent
482 2270 648 2335 redimere.
692 2271 804 2355 itaque
833 2271 869 2335 in
890 2271 971 2335 urbe
995 2271 1125 2337 celeber
1161 2291 1162 2294 ’

124 2359 207 2422 rimo
225 2358 308 2442 loco,
331 2359 436 2423 elatus
454 2358 593 2443 publice,
611 2359 752 2442 sepulcri
766 2363 978 2423 monumento
993 2359 1125 2424 donatus
1161 2424 1162 2435 ἶ

124 2449 182 2511 est.
228 2446 313 2511 diem
342 2447 425 2511 obiit
459 2447 589 2512 circiter
621 2468 723 2511 annos
756 2446 994 2531 quinquaginta
1026 2451 1124 2529 natus,
1161 2505 1162 2513 ,

125 2539 276 2618 quartum
299 2540 376 2618 post
399 2557 531 2618 annum,
560 2557 658 2618 quam
686 2557 725 2599 ex
747 2534 971 2619 Peloponneso
995 2535 1032 2600 in
1055 2532 1124 2602 Sici·

123 2622 202 2686 liam
224 2622 373 2689 redierat

524 2763 736 2774 *-

432 2923 493 2996 Xl.
520 2921 817 2997 lPHlORATES.

94 3061 107 3124 1
213 3060 394 3144 Iphicrates
417 3061 628 3126 Atheniensis
650 3082 717 3125 non
746 3065 817 3125 tam
840 3059 1063 3145 magnitudine
1085 3080 1124 3124 re·

126 3171 198 3213 rum
217 3153 381 3234 gestarum
401 3171 498 3233 quam
518 3148 689 3232 disciplina
708 3148 845 3213 militari
862 3148 1059 3213 nobilitatus
1074 3150 1124 3214 est

125 3237 189 3300 fuit
217 3238 302 3301 enim
330 3237 406 3301 talis
434 3237 511 3319 dux,
538 3240 664 3300 utnon
687 3237 792 3301 solum
816 3236 935 3301 aetatis
959 3257 1036 3301 suae
1060 3254 1124 3302 cum

125 3325 239 3407 primis
255 3327 506 3408 compararetur,
529 3324 585 3387 sed
603 3346 643 3388 ne
662 3324 701 3388 de
715 3324 893 3388 maioribus
907 3327 988 3388 natu
1002 3324 1124 3406 quidem

89 3412 297 3496 aquisquam
325 3414 584 3494 anteponeretur.
630 3413 770 3476 multum
797 3432 873 3477 vero
903 3412 938 3476 in
966 3411 1056 3477 bello
1082 3412 1125 3477 esi

127 3504 287 3584 versatus,
320 3521 416 3582 saepe
444 3499 638 3563 exercitibus
665 3499 820 3584 praestat,
848 3520 1011 3582 nusquam
1039 3499 1125 3584 culpe
