2324 4020
341 228 401 284 XX.
421 229 621 286 TIMOLEON,
649 237 674 286 2.
692 238 718 286 3.
992 233 1034 298 83

24 369 151 436 licitate
174 371 370 456 Dionysium
399 378 471 438 toto
496 372 608 440 Sicilia
635 374 768 460 depulit.
814 398 887 442 cum
913 377 1069 442 interii-2

24 480 93 524 cere
117 465 247 545 posset,
268 461 389 547 noluit,
412 466 550 546 tutoque
572 468 611 529 ut
633 462 828 529 Corinthum
850 466 1035 548 perveniret

24 546 147 633 effecit,
184 547 270 632 quod
306 553 519 634 utrorumque
555 549 788 636 Dionysiorum
825 553 941 637 opibus
974 551 1034 619 Oo-

23 635 138 704 rinthii
162 658 257 723 saepe
280 637 384 703 adiuti
407 637 545 723 fueram,
568 640 660 705 ouius
683 640 896 726 benignitatis
915 662 1034 706 memo·

23 725 107 790 riam
135 725 266 791 volebat
294 731 436 810 exstare,
468 748 603 811 eamque
634 728 834 812 praeclaram
861 728 1033 794 victoriam

23 813 176 899 ducebat,
206 814 240 878 in
268 835 332 897 qua
358 815 432 898 plus
456 819 543 880 esset
566 816 755 882 clementiae
780 838 877 900 quam
900 818 1034 883 crudeli-

21 901 113 985 tatis,
136 905 303 986 postremo
325 906 364 967 ut
385 923 452 967 non
469 903 576 968 solum
595 904 727 970 auribus
747 905 955 990 acciperetur,
979 906 1034 970 sed

24 990 126 1054 etiam
158 991 261 1056 oculis
294 994 492 1075 cerneretur,
524 1013 620 1075 quem
648 1014 687 1058 ex
710 998 837 1076 ,quanto
864 1015 965 1079 regno
994 994 1034 1058 ad

24 1099 123 1161 quam
154 1077 321 1146 fortunam
353 1079 532 1144 detulisset.
581 1084 658 1164 post
684 1078 835 1166 Dionysii
868 1083 1068 1147 decessum3

24 1188 99 1231 cum
126 1164 245 1231 Hiceta
275 1166 425 1251 bellavit,
457 1167 513 1251 qui
546 1168 735 1233 adversatus
763 1172 834 1234 erat
860 1169 1034 1253 Dionysio:

24 1275 122 1338 quem
143 1275 211 1318 non
232 1254 306 1320 odio
329 1255 511 1341 tyrannidis
539 1256 744 1340 dissensisse,
772 1257 828 1321 sed
855 1258 1032 1341 cupiditate

24 1342 144 1407 iudicio
167 1342 241 1426 fuit,
264 1343 350 1425 quod
374 1344 443 1427 ipse
467 1344 600 1427 expulso
619 1343 779 1428 Dionysio
797 1345 970 1428 imperium
988 1346 1033 1409 di-

25 1430 156 1495 mittere
172 1431 288 1496 noluit.
320 1430 382 1496 hoc
401 1435 553 1514 superato
568 1432 738 1498 Timoleon
752 1434 908 1497 maximas
923 1433 1033 1517 copias
1051 1452 1068 1498 4

26 1517 350 1604 Karthaginiensium
378 1519 463 1604 apud
486 1518 667 1585 Crinissum
693 1520 815 1586 flumen
841 1521 969 1606 fugavit
996 1543 1034 1585 ao

27 1606 106 1672 satis
129 1606 249 1671 habere
277 1607 398 1693 coligit,
428 1608 457 1672 si
484 1608 597 1673 liceret
619 1607 765 1674 Africam
789 1609 950 1693 obtinere,
978 1610 1034 1692 qui

26 1695 91 1760 iam
114 1695 296 1779 complures
320 1716 421 1759 annos
450 1696 693 1780 possessionem
717 1695 847 1762 Siciliae
870 1697 1034 1761 tenebant.

27 1783 113 1867 cepit
144 1783 244 1847 etiam
275 1782 491 1868 Mamercum,
522 1782 675 1849 Italicum
708 1783 837 1869 ducem,
867 1784 1033 1849 hominem

26 1871 217 1937 bellicosum
240 1875 273 1936 et
295 1874 478 1956 potentem,
500 1872 557 1956 qui
580 1876 736 1956 tyrannos
759 1872 906 1937 adiutum
928 1873 963 1936 in
987 1870 1034 1936 Si-

28 1959 136 2024 ciliam
158 1963 299 2024 venerat.

115 2047 240 2124 Quibus
258 2048 355 2112 rebus
374 2047 530 2113 confectis
549 2069 623 2114 cum
636 2052 771 2133 propter
783 2048 1033 2113 diuturnitatem
1052 2053 1072 2116 3

27 2136 104 2200 belli
131 2157 198 2201 non
226 2136 332 2200 solum
359 2136 521 2221 regiones,
554 2138 610 2201 sed
638 2137 738 2202 etiam
764 2136 861 2201 urbes
889 2136 1033 2201 desertas

27 2224 159 2308 videret,
182 2223 379 2307 conquisivit
402 2245 483 2308 quos
502 2224 621 2308 potuit,
643 2225 785 2309 primum
800 2222 938 2309 Siculos,
960 2224 1034 2289 dein

28 2310 186 2378 corintho
209 2313 377 2378 arcessivit
401 2313 547 2396 colonos,
578 2313 663 2396 quod
691 2314 732 2377 ab
755 2313 796 2377 iis
818 2313 915 2378 initio
940 2311 1034 2397 Syra·

28 2421 123 2466 cusae
145 2405 239 2465 erant
261 2401 417 2466 conditae.
463 2401 588 2466 civibus
611 2401 775 2466 veteribus
798 2422 857 2466 sua
879 2400 1034 2483 restituit,
1052 2419 1068 2466 2

27 2489 120 2555 novis
147 2488 233 2552 bello
260 2489 464 2554 vacuefactas
492 2489 714 2573 possessiones
746 2488 872 2571 divisit,
902 2487 1033 2552 urbium

28 2577 155 2642 moenia
186 2577 320 2642 disiecta
351 2577 491 2660 fanaque
523 2577 651 2642 detecta
682 2576 812 2659 refecit,
844 2575 1032 2641 civitatibus

27 2665 116 2750 leges
138 2665 388 2748 libertatemque
409 2665 561 2730 reddidit:
585 2687 624 2729 ex
643 2665 784 2730 maximo
802 2664 890 2729 bello
904 2667 1033 2728 tantum

28 2754 132 2818 otium
159 2756 249 2818 totae
276 2752 401 2818 insulae
429 2753 628 2836 conciliavit,
659 2757 697 2818 ut
725 2753 779 2818 hio
807 2752 957 2818 conditor
983 2774 1034 2817 ur-

26 2840 117 2906 bium
140 2861 259 2925 aarum,
280 2862 347 2906 non
368 2840 419 2906 illi
441 2842 498 2925 qui
516 2841 611 2905 initio
633 2840 839 2924 deduxerant,
862 2840 1033 2905 videretur.

27 2951 134 2994 arcem
158 2927 336 3013 Syracusis,
359 2950 457 3013 quam
481 2929 643 2994 munierat
659 2928 838 3012 Dionysius
862 2929 902 2993 ad
921 2928 1034 2992 urbem
1053 2946 1068 2993 a

27 3017 246 3100 obsidendam,
269 3039 289 3082 a
310 3015 531 3083 fundamentis
555 3017 697 3101 disiecit,
720 3021 829 3082 cetera
852 3016 1033 3101 tyrannidis

25 3105 270 3191 propugnacula
288 3104 463 3170 demolitus
481 3110 533 3170 est
550 3105 703 3189 deditque
722 3126 864 3189 operam,
884 3107 1034 3187 utquam

25 3194 159 3259 minime
178 3193 282 3258 multa
300 3193 441 3279 vestigia
455 3193 623 3259 servitutis
637 3197 814 3258 manerent
843 3214 917 3257 cum
931 3191 1032 3255 tantis
1051 3206 1069 3253 4

24 3286 113 3347 esset
135 3281 262 3366 opibus,
283 3285 322 3346 ut
340 3281 439 3345 etiam
457 3282 569 3346 invitis
587 3281 747 3365 imperare
760 3284 882 3365 posset,
905 3282 1034 3342 tantum

24 3375 135 3436 autem
159 3390 303 3434 amorem
325 3368 461 3434 haberet
484 3369 628 3434 omnium
653 3367 849 3449 Siculorum,
878 3370 917 3430 ut
943 3363 1032 3428 nullo

22 3462 196 3526 recusante
214 3478 352 3542 regnum
366 3458 513 3522 obtinere
528 3458 635 3540 liceret,
649 3456 766 3521 maluit
780 3477 814 3520 se
829 3453 922 3536 diligi
936 3472 1033 3535 quam

22 3547 136 3613 metui.
182 3545 308 3630 itaquo,
336 3567 410 3611 cunr
432 3546 576 3631 primum
597 3545 721 3628 potuit,
743 3542 916 3626 imperium
939 3540 1033 3623 depo-

838 3643 874 3696 g*
