2324 4020
62 36 116 150 r

323 224 383 281 VII.
401 221 626 282 ALCIBIADES.
657 230 682 279 8.
702 231 726 280 9.
989 226 1033 291 29

61 362 251 457 Audieturum
280 373 337 435 aut
359 368 482 435 bellum
506 370 770 453 compositurum.
816 370 849 433 id
873 371 935 434 etsi
958 393 1032 435 vere
1051 386 1069 434 4

61 441 151 520 Altum
171 457 332 522 Philocles
356 457 643 541 animadvertebat,
665 463 775 523 tamen
797 459 965 542 postulata
987 458 1033 522 fa

61 544 107 605 bre
124 545 235 630 noluit,
258 545 344 628 quod
367 546 530 610 sentiebat
553 567 588 609 se
603 544 779 610 'Alcibiade
807 550 938 629 recepto
963 546 1033 611 nul-

61 619 100 693 lus
116 633 269 698 momenti
292 632 377 717 apud
399 633 576 697 exercitum
599 633 745 698 futurum
769 638 811 719 et,
834 634 863 698 si
887 633 963 717 quid
986 655 1033 699 se

61 718 123 783 mli
148 717 322 805 evdnisset,
346 720 472 785 nullam
498 721 533 784 in
556 743 594 785 ea
616 743 650 786 re
679 744 771 786 suam
797 725 926 806 partem
953 721 1032 806 fore,

61 811 140 871 entra
166 831 217 892 ea,
246 809 275 873 si
302 808 380 893 quid
407 809 533 873 adversi
560 809 743 893 accidisset,
773 831 807 875 se
835 832 935 875 unum
963 810 1032 875 eius
1051 816 1077 960 ζ

61 895 136 961 elicti
166 896 314 962 futurum
344 917 444 960 reum.
489 897 529 960 ab
559 897 623 961 hoc
651 898 816 962 discedens
846 897 1032 962 Alcibiades

61 983 202 1066 [uoniam'
221 985 329 1068 inquit
347 983 513 1049 ‘victoriae
531 986 657 1068 patriae
675 1006 847 1070 repugnas,
865 986 947 1050 illud
966 1007 1033 1051 mo·
1063 1026 1098 1042 -

61 1092 94 1157 ιο,
111 1093 151 1137 ce
167 1073 260 1137 iuxta
277 1073 405 1137 hostem
424 1077 532 1136 castra
548 1074 669 1137 habeas
687 1074 832 1139 nautica:
852 1073 1033 1158 periculum

61 1164 75 1224 t
101 1161 201 1244 enim,
227 1182 268 1225 ne
291 1158 500 1246 immodeste
523 1161 666 1225 militum
692 1153 875 1240 vestrorum
903 1162 1031 1226 occasio
1084 1157 1114 1226 ‘l

61 1251 118 1313 tur
144 1247 312 1331 Lysandro
342 1248 444 1312 vestri
472 1249 674 1332 opprimendi
701 1249 881 1315 exercitus'.
927 1263 1067 1332 nequeo

61 1357 136 1400 ¹res
159 1336 254 1400 illum
275 1335 400 1400 fefellit.
445 1357 522 1400 nam
544 1335 723 1421 Lysander,
746 1359 820 1401 cum
841 1359 900 1421 per
922 1359 1033 1421 specu-

61 1428 146 1488 tores
176 1424 387 1507 comperisset
413 1424 548 1509 vulgum
570 1423 820 1489 Atheniensium
849 1425 884 1488 in
910 1430 1033 1490 terram

61 1511 215 1576 sedatum
233 1512 337 1575 exisse
354 1532 515 1595 naresque
534 1534 634 1594 paene
657 1513 769 1577 inanes
790 1512 930 1597 relictas,
952 1517 1033 1577 tern-

61 1599 346 1752 indeidierlddae
372 1620 439 1663 non
468 1599 593 1664 dimisit
620 1622 722 1683 eoque
754 1601 878 1684 impetu
909 1601 1032 1665 bellum

178 1709 226 1752 ee
278 1737 284 1750 .
1092 1739 1130 1765 ,,

112 1774 160 1839 At
177 1709 372 1861 Aldibiades,
390 1774 485 1840 victis
500 1774 755 1840 Atheniensibus
774 1798 840 1840 non
859 1777 939 1840 setis
959 1780 1033 1840 tuta
1051 1775 1072 1838 9
1092 1787 1116 1886 Α

61 1863 137 1928 dem
163 1863 236 1928 loca
263 1863 327 1927 sibi
354 1864 531 1947 arbitrans,
559 1865 689 1947 penitus
717 1864 752 1927 in
779 1863 969 1928 Thraeciam
997 1885 1032 1928 se

61 1973 124 2036 pra
141 1950 374 2035 Propontidem
392 1951 525 2034 abdidit,
549 1972 681 2034 sperans
700 1951 747 2014 ibi
766 1950 920 2014 facillime
940 1972 1032 2014 suam

61 2044 192 2104 munem
205 2039 310 2104 occuli
326 2060 432 2122 posse.
458 2038 551 2103 falso.
579 2061 656 2103 nam
669 2037 839 2122 Thraeces,
856 2041 1032 2122 postquam
1050 2053 1067 2101 2

61 2150 98 2192 ιιι
127 2149 201 2192 cnm
227 2147 347 2212 magna
372 2127 509 2211 pecunia
535 2128 661 2191 venisse
685 2130 869 2210 senserunt,
897 2126 1031 2190 insidias
1092 2161 1111 2184 t

61 2219 172 2282 renmt
208 2236 308 2298 eaque
340 2227 433 2297 quae¹
454 2219 645 2298 apportaret
674 2214 893 2299 abstulerunt,
924 2215 1033 2298 ipsum

61 2324 140 2456 ἐξὲξ
163 2306 436 2453 nonGpotuerrmt.
470 2302 527 2453 idle
546 2324 681 2454 certend‘
696 2303 823 2454 nunllm
840 2303 950 2455 ldeum
969 2303 1067 2403 sibie

255 2412 271 2453 r
311 2412 362 2453 era
414 2411 431 2453 r
491 2412 525 2453 er
964 2411 1032 2452 ιιι-

61 2500 98 2542 m
117 2411 422 2542 adnll’harridbazudr
432 2411 474 2540 id
486 2413 601 2542 Asidiii
616 2413 774 2568 tdahasliit,
788 2411 1033 2563 dddniedldidedr
1066 2487 1073 2546 l

61 2587 105 2631 eo
128 2587 188 2631 sua
211 2557 535 2649 eepMumanitate‚
557 2569 594 2630 ut
616 2588 690 2631 eum
711 2588 807 2630 nemo
830 2567 866 2629 in
888 2565 1034 2630 amicitia

61 2653 239 2719 decederet.
271 2674 410 2737 namque
434 2653 465 2717 ei
487 2651 645 2736 Grynium
668 2654 808 2737 dederat,
830 2655 866 2717 in
888 2652 1034 2739 Phrygia

61 2746 180 2826 strum,
202 2762 242 2806 ex
264 2762 328 2824 quo
352 2741 579 2825 quinquagena
598 2741 723 2806 talenta
740 2742 911 2833 vectigalis
930 2742 1033 2825 capie-

61 2834 90 2895 .t.
125 2851 191 2913 qua
208 2828 340 2894 fortuna
357 2827 542 2893 Alcibiades
564 2851 631 2893 non
648 2833 719 2893 erat
737 2833 910 2894 contentus
928 2850 1032 2913 neque
1050 2844 1086 2905 4,,
1115 2884 1158 2905 s,

61 2917 174 2983 thenas
205 2917 308 2982 victas
340 2914 602 2981 Lacedaemoniis
635 2917 755 2981 servire
789 2921 919 3001 poterat
952 2917 1031 3002 peti.
1068 2904 1150 3014 'yet‘

61 3026 136 3090 tque
167 3005 208 3069 ed
235 3005 376 3089 petriam
405 3004 605 3069 liberandam
633 3005 721 3068 omni
752 3004 918 3070 ferebatur
945 3005 1033 3090 cogi·
1106 3060 1112 3073 ,

61 3094 162 3158 tione.
206 3092 262 3156 sed
288 3092 420 3157 videbat
451 3091 485 3155 id
512 3093 583 3156 sine
610 3112 686 3177 rege
714 3091 812 3157 Perse
839 3114 906 3158 non
936 3113 1032 3176 posse
1051 3093 1120 3157 5¹⁴⁶*

61 3181 104 3264 si,
126 3179 263 3263 ideoque
286 3201 359 3245 eum
378 3180 517 3244 amicum
536 3179 599 3243 sibi
618 3180 769 3263 cupiebat
783 3180 915 3265 adiungi
928 3200 1031 3263 neque
1084 3171 1148 3263 h„

61 3251 315 3335 bitababfacile
338 3289 372 3332 se
400 3270 661 3352 consecuturum,
691 3268 719 3331 si
749 3269 844 3332 modo
868 3269 936 3332 eius
960 3287 1032 3361 con·
1092 3260 1149 3369 gl

61 3355 178 3424 niundi
191 3355 361 3420 habuisset
377 3359 585 3439 potestatem.
618 3377 694 3419 nam
709 3354 830 3438 Cyrum
848 3355 984 3419 fratrem
1001 3354 1032 3416 ei
1125 3362 1161 3421 s*

61 3447 148 3512 llum
162 3443 246 3509 clam
259 3465 373 3527 parare
382 3441 645 3508 Lacedaemoniis
657 3443 883 3507 adiuvantibus
895 3441 1031 3505 sciebat:
1078 3431 1132 3487 Ὀ»

69 3533 103 3601 si
122 3530 314 3616 aperuisset,
332 3551 485 3617 magnam
503 3553 538 3595 se
556 3531 714 3596 initurum
733 3530 874 3616 gratiam
892 3528 1030 3593 videbat.
1100 3506 1133 3610 Ῠι
1154 3540 1157 3545 “

1126 1841 1134 1867 l
