2346 4012
178 204 222 268 50
497 203 570 257 XIV.
590 201 771 257 DATAMES.
799 208 825 256 3.
843 207 869 256 4.

178 349 235 413 ubi
258 354 330 412 erat
356 369 426 430 4944,
453 347 543 411 venit
571 351 648 431 post
650 367 768 430 eroque
791 345 843 410 die
866 345 997 438 Thuyn,
1020 346 1091 410 hor!

179 437 312 500 maximi
335 435 481 518 corporis
510 435 713 518 terribilique
740 434 838 516 facie,
866 425 1015 517 quodet
1035 435 1091 518 rig

180 525 298 608 capillo
325 524 424 609 longo
451 522 617 607 barbaque
645 526 715 587 erat
742 521 918 606 promissa,
946 522 1091 605 optima

180 613 271 696 texit,
294 634 393 696 quam
416 615 565 695 satrapae
589 611 672 697 regii
695 631 807 696 gerere
830 615 1033 694 consuerant,
1056 627 1091 674 on

180 701 279 764 etiam
311 704 427 782 torque
460 703 558 782 atque
590 698 727 763 armillis
760 698 866 762 aureis
895 703 1091 782 ceteroque]

145 789 284 872 scultu3
306 788 376 870 ipse
400 788 523 872 agresti
546 787 667 871 duplici
690 786 829 850 amiculo
852 785 1091 851 circumdatusl

181 898 242 959 que
261 876 379 959 tunica,
398 896 514 960 gerens
533 876 688 958 incapite
703 874 832 960 galeam
845 875 1055 958 venatoriam,
1071 874 1091 937 d

181 984 278 1027 manu
301 964 440 1047 clavam,
463 964 597 1028 sinistra
620 964 784 1046 copulam,
814 963 863 1026 ita
884 963 1031 1027 vinctum
1053 984 1091 1026 94

181 1051 349 1134 Thuynem
373 1052 502 1137 agebat,
524 1056 562 1115 ut
580 1051 609 1115 si
627 1051 729 1115 feram
747 1051 889 1114 bestiam
903 1055 1034 1133 captam
1048 1051 1091 1114 du

146 1158 161 1204 3
181 1161 351 1223 quaecum
370 1161 482 1204 omnes
501 1139 683 1223 aspicerent
701 1143 837 1222 propter
853 1138 1035 1203 novitatem
1054 1161 1091 1203 on

181 1229 393 1314 ignotamque
425 1227 565 1292 formam
593 1228 634 1291 ob
662 1248 798 1310 eamque
830 1228 901 1291 rem'
931 1249 1068 1312 magnus

182 1338 365 1399 concursus,
396 1316 461 1380 fuit
481 1336 642 1380 nonnemo
672 1316 728 1398 qui
752 1317 943 1400 agnosceret
966 1314 1082 1399 Thuyn

146 1422 244 1487 aque
266 1404 441 1467 nuntiaret.
482 1404 588 1487 primo
615 1425 682 1467 non
709 1403 883 1468 accredidit
912 1403 1025 1486 itaque
1048 1403 1091 1466 Pb

180 1492 298 1555 bazum
320 1491 412 1554 misit
434 1491 647 1574 exploratum.
684 1513 703 1555 a
721 1513 785 1574 quo
803 1494 842 1555 ut
859 1513 930 1554 rem
951 1495 1080 1575 gestam

85 1640 89 1645 .
181 1580 280 1663 perit,
308 1579 421 1661 statim
449 1579 579 1642 admitti
606 1580 716 1663 iussit,
746 1600 864 1664 magno
888 1599 985 1662 opere
1009 1580 1091 1644 deleo

182 1689 255 1732 cum
278 1665 365 1731 facto
394 1671 464 1731 tum
492 1670 622 1752 ornatu,
649 1668 798 1751 inprimis
822 1666 908 1750 quod
930 1667 1053 1731 nobilis
1077 1690 1091 1730 r

148 1759 380 1840 apotestatem
403 1756 587 1838 inopinanti
609 1761 750 1820 venerat.
795 1756 907 1839 itaque
930 1756 1091 1840 magnifici

182 1848 292 1909 tamen
315 1844 471 1908 donatum
494 1844 535 1908 ad
557 1845 734 1909 exercitum
757 1844 861 1928 misit,
888 1842 1041 1926 quitum
1065 1867 1091 1909 c<

181 1933 321 1998 bebatur
353 1932 432 1997 duce
465 1931 675 1996 Pharnabazo
707 1935 741 1996 et
770 1931 959 1995 Tithrauste
992 1933 1033 1995 ad
1067 1934 1088 1997 b

182 2021 392 2106 Aegyptium,
409 2021 544 2104 parique
558 2043 632 2088 eum
645 2023 743 2103 atque
757 2020 832 2084 illos
846 2019 982 2102 imperio
998 2041 1071 2084 esse
1085 2022 1091 2084 4

182 2113 297 2191 postea
325 2129 401 2172 vero
434 2130 533 2190 quam
562 2107 808 2172 Pharnabazum
840 2129 897 2171 494
928 2109 1091 2190 revocavit

183 2216 310 2259 summa
332 2195 461 2278 imperii
484 2196 606 2259 tradita
629 2200 688 2261 est.

148 2287 169 2351 4
269 2281 333 2346 Η49
361 2303 434 2345 oum
462 2283 603 2347 maximo
635 2285 743 2348 studio
776 2286 979 2367 compararet
1012 2306 1089 2350 exer

182 2371 433 2472 Aegyptumque
452 2370 615 2454 proficisci
633 2376 772 2455 pararet,
796 2372 905 2436 subito
924 2395 943 2435 a
962 2393 1040 2457 rege
1060 2374 1091 2437 lii

183 2466 259 2525 sunt
287 2460 317 2525 ei
344 2459 476 2543 missae,
503 2463 541 2523 ut
567 2458 684 2543 Aspim
712 2460 955 2546 aggrederetur,
980 2461 1046 2561 ,qui
1076 2461 1091 2527 (

182 2550 271 2613 niam
298 2549 444 2613 tenebat:
481 2569 563 2630 quae
591 2569 670 2633 gens
698 2549 783 2613 iacet
805 2570 903 2632 supra
926 2546 986 2612 Oil
977 2549 1091 2634 494944,

148 2637 256 2700 444449
276 2633 505 2720 Cappadociae.
538 2658 678 2721 namque
692 2635 801 2721 Aspis,
825 2637 889 2700 salt
875 2641 1004 2701 44499944
1023 2639 1091 2724 regi

183 2723 389 2823 castellisque
422 2725 582 2788 munitam
614 2725 773 2808 incolens,
809 2746 876 2789 494
908 2726 1061 2789 solum
1051 2748 1091 2790 111

182 2811 269 2896 regis
292 2833 359 2875 non
380 2812 525 2895 parebat,
548 2812 604 2878 sed
627 2813 726 2877 etiam
748 2776 905 2878 finitimas
929 2813 1081 2898 regiones

149 2901 242 2966 ebat
273 2904 306 2963 et
338 2921 420 2982 quae
450 2900 520 2985 regi
550 2905 760 2984 portarentur
790 2901 983 2984 abripiebat.
1032 2901 1091 2966 Da

183 2987 246 3051 etsi
272 2987 368 3072 longe
396 2988 510 3052 aberat
537 2989 578 3053 ab
611 2990 652 3052 iis
679 2990 868 3074 regionibus
896 2993 930 3053 et
957 3011 976 3053 a
1004 2991 1091 3055 maio

183 3074 443 3159 abstrahebatur,
461 3080 572 3142 tamen
589 3078 677 3162 regis
691 3078 853 3142 voluntati
870 3099 994 3142 morem
1012 3098 1091 3162 gere

182 3163 320 3247 putarit.
355 3164 467 3247 itaque
490 3186 564 3228 cum
586 3166 708 3248 paucis,
731 3166 787 3229 sed
809 3166 887 3230 viris
910 3165 1052 3231 fortibus
1075 3190 1091 3232 1

92 3257 95 3264 ⁴
183 3250 383 3336 conscendit,
410 3252 613 3336 existimans,
642 3253 728 3336 quod
755 3254 889 3338 accidit,
918 3254 1087 3320 faciliuss

182 3340 374 3424 prudentem
401 3361 503 3423 parra
529 3363 627 3406 manu
655 3305 889 3425 oppressuruni
914 3365 1011 3443 quam
1039 3366 1091 3426 par

147 3428 330 3511 4quamris
363 3448 482 3513 magno
515 3429 667 3494 exercitu.
714 3429 776 3495 hac
808 3430 895 3494 delat
881 3435 934 3494 tus
966 3432 1001 3495 in
1033 3430 1091 3497 Cili

183 3536 332 3600 egressus
364 3516 456 3601 inde,
490 3515 558 3581 dies
590 3522 766 3602 noctesque
798 3519 862 3581 iter
893 3519 1014 3584 faciens
1048 3520 1091 3584 Ta
