2324 4020
372 236 420 290 111.
439 234 635 292 ARISTIDES.
665 244 741 292 1-3.
1020 242 1061 306 15

61 402 134 465 ,uae
162 379 252 465 facta
269 383 331 445 ‘est
357 379 448 463 prius
477 401 574 463 quam
600 401 706 464 poena
728 381 930 447 liberaretur.
975 385 1061 450 idem

61 473 186 534 ›raetor
211 467 276 532 fuit
302 467 553 533 Atheniensium
580 469 665 552 apud
687 469 838 534 Plataeas
866 471 901 535 in
927 473 1062 557 proelio,

61 579 116 642 [uo
144 557 237 621 fusus
267 553 482 621 barbarorum
505 556 665 620 exercitus
688 554 942 642 Mardoniusque
965 560 1078 625 inter-⁴

61 647 158 710 ¹ectus
178 648 237 709 est.
270 665 375 727 neque
394 643 482 708 aliud
500 647 551 708 est
568 644 673 708 ullum
691 645 788 710 huius
811 645 846 710 in
868 667 902 710 re
926 648 1062 713 militari
1081 665 1098 714 a

61 734 183 799 llustre
204 731 329 796 factum
352 753 449 814 quam
472 731 540 796 eins
563 731 692 815 imperii
716 734 885 817 memoria,
914 735 1061 800 iustitiae

61 842 130 888 iero
144 823 180 886 et
193 819 368 903 aequitatis
387 823 421 883 et
438 819 643 884 innocentiae
661 821 775 905 multa,
792 821 828 885 in
844 822 960 906 primis
976 825 1062 908 quod

61 909 150 974 nnius
179 908 343 991 aequitate
370 906 494 972 factum
522 911 585 990 est,
613 929 687 973 cum
713 909 749 973 in
771 911 935 974 communi
959 911 1062 976 classe

61 1001 142 1063 esset
164 994 319 1060 Graeciae
347 995 444 1059 simul
472 1017 546 1060 cum
573 994 735 1060 Pausania
766 998 843 1081 [quo
871 999 951 1063 duee
978 999 1063 1076 Mar,-

61 1083 171 1151 ionius
194 1087 264 1148 erat
285 1083 447 1169 fugatus],
474 1087 512 1147 ut
539 1105 666 1148 summa
687 1084 817 1168 imperii
840 1087 998 1150 maritimi
1021 1088 1062 1151 ab

61 1171 318 1239 hacedaemoniis
341 1170 573 1235 transferretur
596 1172 637 1235 ad
659 1170 890 1237 Athenienses:
921 1194 1097 1258 namques
1139 1224 1142 1230 -

61 1265 132 1327 ante
154 1260 188 1324 id
210 1264 339 1343 tempus
362 1263 397 1323 et
418 1259 503 1323 mari
520 1263 554 1324 et
572 1263 661 1324 terra
678 1259 775 1324 duces
794 1265 888 1324 erant
906 1260 1063 1326 Lacedae·

61 1348 165 1415 monii.
214 1352 286 1413 tum
318 1351 428 1412 autem
464 1351 498 1411 et
534 1347 785 1430 intemperantia
816 1348 996 1414 Pausaniae
1030 1354 1064 1414 et

61 1436 184 1502 iustitia
209 1435 333 1500 factum
355 1438 407 1499 est
429 1433 602 1518 Aristidis,
624 1439 662 1498 ut
685 1457 797 1500 omnes
820 1434 887 1501 fere
911 1437 1062 1502 civitates

61 1523 210 1589 Graeciae
238 1524 278 1588 ad
301 1522 551 1588 Atheniensium
578 1522 769 1587 societatem
798 1545 832 1588 se
860 1525 1064 1609 applicarent

61 1617 91 1677 et
112 1613 265 1677 adversus
288 1611 445 1676 barbaros
468 1610 529 1675 hos
553 1610 649 1674 duces
672 1611 852 1697 deligerent
875 1613 948 1677 sibi.

145 1699 234 1776 Quos
266 1720 331 1782 quo
362 1698 490 1763 facilius
523 1699 733 1783 repellerent,
763 1699 794 1776 si
825 1698 910 1764 forte
942 1701 1103 1768 bellum·3

61 1808 212 1853 renovare
235 1792 437 1870 conarentur,
460 1787 500 1850 ad
520 1787 639 1850 classes
659 1786 872 1852 aedificandas
891 1788 1064 1852 exercitus-

61 1896 120 1960 que
147 1875 381 1959 comparandos
410 1878 568 1958 quantum
594 1875 748 1957 pecuniae
778 1896 925 1958 quaeque
948 1876 1064 1940 civitas

61 1962 159 2048 daret,
181 1963 342 2028 Aristides
365 1962 510 2027 delectus
533 1965 584 2026 est
607 1962 663 2046 qui
686 1962 909 2046 constitueret,
932 1963 1064 2045 eiusque

62 2051 196 2116 arbitrio
227 2051 446 2136 quadringena
475 2055 509 2114 et
540 2064 701 2136 sexagena
732 2050 857 2114 talenta
890 2050 1064 2134 quotannis

61 2134 178 2210 Delum
200 2143 276 2204 sunt
299 2139 432 2204 collata:
454 2138 488 2202 id
507 2138 593 2202 enim
616 2159 786 2203 commune
810 2139 971 2203 aerarium
994 2160 1065 2202 esse

63 2228 239 2293 voluerunt.
271 2248 352 2310 quae
371 2226 476 2292 omnis
495 2226 631 2309 pecunia
647 2231 781 2310 postero
792 2230 946 2311 temporo
965 2227 1065 2291 Athe-

61 2332 119 2387 nas
140 2315 301 2398 translata
323 2319 382 2379 est.
425 2314 479 2378 hic
502 2335 566 2396 qua
587 2313 687 2378 fuerit
710 2315 917 2398 abstinentia,
938 2315 1065 2379 nullum
1085 2333 1100 2379 2

61 2392 113 2468 'at
125 2403 244 2468 certius
261 2403 416 2468 indicium
436 2423 533 2485 quam
551 2403 639 2486 quod,
657 2423 731 2467 cum
749 2403 852 2466 tantis
866 2402 963 2466 rebus
976 2423 1066 2484 prae-

64 2488 185 2576 fuisset,
206 2491 242 2556 in
263 2495 357 2555 tanta
378 2492 570 2574 paupertate
593 2489 741 2574 decessit,
764 2493 803 2553 ιιι
824 2490 879 2573 qui
899 2489 1067 2568 efferretur

61 2576 117 2643 ¹vix
140 2578 315 2663 reliquerit.
361 2600 425 2662 quo
455 2577 580 2642 factum
603 2581 654 2641 est
675 2581 713 2642 ut
735 2577 822 2641 filiae
845 2577 914 2641 eius
936 2576 1101 2660 publices

67 2665 223 2733 alerentur
246 2667 340 2731 etde
363 2666 527 2732 communi
549 2665 674 2730 aerario
702 2665 834 2730 dotibus
861 2664 946 2729 datis
970 2664 1067 2729 collo-

61 2759 219 2820 carentur.
264 2755 404 2820 decessit
431 2758 540 2818 autem
567 2752 634 2817 fere
661 2757 739 2836 post
766 2774 886 2817 annum
900 2755 1067 2837 'quartum

61 2841 159 2926 quem
180 2843 415 2909 Themistocles
437 2841 577 2906 Athenis
601 2845 672 2904 erat
694 2842 856 2923 expulsus.
890 2903 893 2906 ,

383 3143 443 3216 IV.
470 3139 750 3217 PAUSANIAS.

148 3281 326 3348 Pausanias
347 3281 620 3347 Lacedaemonius
644 3299 782 3366 magnus
806 3279 914 3361 homo,
937 3277 993 3341 sed
1015 3279 1106 3341 vra-1

65 3367 129 3434 rius
154 3371 190 3434 in
217 3370 306 3435 omni
337 3391 453 3456 genere
480 3370 566 3434 vitae
598 3367 675 3432 fuit:
710 3389 788 3431 nam
819 3371 858 3431 nt
888 3364 1068 3428 virtutibus

61 3454 171 3545 eluxit,
193 3459 241 3524 sic
259 3457 348 3522 vitiis
367 3462 418 3522 est
436 3458 580 3522 obrutus.
616 3455 712 3520 huius
735 3452 995 3518 illustrissimum
1018 3456 1069 3515 est
1088 3468 1103 3516 2

61 3547 221 3631 'proelium
239 3547 324 3631 apud
341 3546 501 3610 Plataeas.
532 3564 672 3628 namque
691 3543 750 3607 illo
770 3542 849 3606 duce
868 3537 1068 3622 Mardonius,
