2324 4020
299 216 358 272 XV
377 215 652 272 EPAMINONDAS
681 223 732 271 2-
735 223 760 274 4
992 218 1034 284 57

49 364 120 427 etha
106 366 160 426 tur
181 362 358 446 plurimum
377 362 533 428 currendo
552 366 586 426 et
604 363 757 427 luctando
777 363 818 427 ad
836 339 910 427 eum
928 365 1066 466 finem,

49 451 133 516 uoad
161 455 251 515 stans
280 450 453 535 complecti
484 455 597 534 posset
625 454 722 534 atque
753 450 1036 517 contenderem

49 539 125 604 rmis
149 560 225 603 vero
248 539 480 623 plurimumst
448 538 549 603 studii
573 538 792 603 consumebat.

114 626 166 691 Ad
192 626 276 692 hanc
303 626 448 711 corporis
478 626 669 691 firmitatem
691 627 786 711 plura
809 628 908 692 etiam
933 629 1074 695 animi3

49 738 112 782 ona
130 718 342 781 accesserant.
372 715 543 779 eratenim
557 715 733 800 modestus,
751 716 901 800 prudens,
915 718 1034 803 gravis,
1067 789 1069 793 ,

49 803 229 888 emporibus
248 803 412 888 sapienter
431 806 535 886 utens,
558 804 682 886 peritus
700 803 789 888 belli,
812 804 909 869 sortis
928 826 1035 889 manu,

49 895 135 958 nimo
162 891 318 976 maximo,
350 891 429 956 adeo
461 891 565 955 verita
567 891 610 955 tis
643 891 796 977 diligens,
827 896 866 956 ut
892 915 933 957 ne
963 893 1034 958 ioco

49 981 157 1046 uidem
180 983 270 1045 ment
255 980 381 1044 tiretur.
422 978 508 1043 idem
531 982 607 1043 cont
608 980 708 1063 inens,
732 981 872 1045 clemens
895 981 1037 1065 patiens·
1054 998 1071 1046 a

49 1091 88 1135 ue
118 1067 376 1133 admirandum
367 1089 403 1131 m
429 1067 574 1151 modum,
603 1089 669 1133 non
692 1069 798 1132 solum
825 1069 953 1153 populi,
981 1069 1036 1133 sed

49 1158 126 1223 siam
150 1157 329 1222 amicorum
350 1155 494 1220 ferens
485 1156 634 1239 iniurias,
661 1156 696 1220 in
722 1156 837 1240 primis
862 1158 1037 1222 commissa

49 1247 150 1327 r,lans
181 1244 364 1328 quodque
355 1248 404 1308 mt
390 1244 518 1308 terdum
544 1265 611 1308 non
638 1244 745 1308 minus
777 1245 911 1328 prodest
938 1267 1037 1328 quam

49 1296 150 1400 laerte,
171 1333 341 1415 diceret
309 1332 474 1397 studiosus
497 1331 660 1396 audiendi:
690 1353 729 1397 ex
751 1332 814 1397 hoc
836 1333 923 1396 enim
945 1333 1036 1396 facil-

49 1443 103 1486 me
127 1420 208 1486 disci
232 1420 461 1485 arbitrabatur.
507 1420 618 1504 itaque
642 1442 715 1484 cum
743 1420 778 1483 in
805 1419 962 1485 circulum
985 1437 1071 1485 ves

49 1512 144 1593 isset,
170 1509 205 1572 in
233 1530 296 1592 quo
320 1512 378 1573 aut
400 1509 439 1573 de
462 1530 496 1573 re
519 1508 650 1592 publica
673 1507 895 1592 disputaretur
918 1514 975 1572 aut
994 1508 1037 1572 'de

49 1596 236 1696 hilosophia
267 1617 373 1661 sermo
400 1596 575 1660 haberetur
581 1617 804 1681 ,numquam
840 1596 914 1661 inde
946 1597 1036 1681 prius

49 1684 187 1768 acessit,
210 1706 308 1768 quam
331 1684 372 1748 ad
394 1683 491 1748 finem
515 1648 620 1749 serriro
645 1689 731 1749 esset
717 1685 920 1749 t.adductus
961 1706 1037 1769 pau·
1055 1700 1073 1748 4

49 1736 190 1838 ertateni
213 1772 292 1837 adeo
316 1772 410 1837 facile
433 1793 606 1857 perpessus
630 1777 693 1855 est,
722 1772 826 1836 utde
849 1773 1038 1857 republica

49 1861 109 1926 dril
132 1864 262 1944 praeter
285 1860 425 1944 gloriam
443 1860 573 1943 ceperit.
613 1860 791 1925 amicorum
810 1859 845 1923 in
863 1882 898 1925 se
917 1861 1037 1924 tuendo

49 1949 135 2014 eruit
165 1947 304 2014 facultt
253 1949 392 2033 ttihus,
423 1947 485 2012 fide
513 1949 553 2011 ad
581 1949 663 2013 alios
696 1947 911 2013 sublevandos
941 1968 1037 2031 saepe

49 2060 71 2102 c
97 2058 177 2101 usus
200 2041 264 2120 est,
290 2041 329 2100 ut
355 2035 490 2100 iudicari
513 2036 620 2120 possit
643 2036 752 2101 omnia
774 2035 803 2100 ei
827 2057 900 2100 cum
924 2035 1037 2099 amicis

48 2125 129 2190 risse
157 2124 347 2190 communia.
393 2145 470 2188 nam
493 2146 566 2188 cum
590 2128 646 2188 aut
674 2124 793 2188 civium
821 2145 954 2188 suorum
982 2122 1073 2187 ali-5

49 2214 101 2279 uis
121 2213 163 2278 ab
186 2212 336 2278 hostibus
356 2216 442 2276 esset
460 2212 647 2296 captus‘aut
662 2212 753 2298 virgo
768 2211 889 2276 nubilis
904 2214 1039 2295 propter

49 2322 152 2385 super
153 2305 256 2366 tatem
269 2300 423 2366 collocari
440 2321 508 2365 non
525 2306 648 2384 posset,
624 2301 850 2365 tamicorum
864 2300 1039 2364 concilium

49 2390 173 2455 abebat
194 2393 240 2474 et,
268 2388 426 2473 quantum
449 2388 586 2473 quisque
609 2388 701 2453 daret
687 2392 801 2472 t,pro
824 2387 963 2453 facultat
964 2387 1037 2450 ihus

49 2477 220 2562 nperabat.
254 2498 389 2566 eamque
403 2498 564 2541 summam
578 2499 652 2541 cum
666 2474 796 2559 fecerat,
814 2474 924 2574 potius
940 2495 1038 2558 quam
1057 2491 1074 2540 6

49 2585 92 2632 rse
115 2565 277 2649 acciperet
299 2565 482 2665 pecuniam,
510 2565 691 2630 adducebat
714 2585 800 2646 eum,
828 2562 885 2645 qui
909 2583 1039 2646 quaere-

49 2660 95 2736 ιι,
118 2652 159 2717 ad
177 2674 242 2736 eos,
265 2653 321 2736 qui
341 2651 559 2736 conferebant,
582 2653 674 2736 eique
694 2652 758 2717 ut'
749 2651 813 2735 ipsi
831 2655 1040 2715 numerarent

49 2705 179 2825 rodebat,
201 2704 327 2824 utillo,
351 2741 391 2804 ad
414 2762 511 2824 quem
534 2762 573 2805 ea
596 2742 675 2820 [res]
699 2738 917 2824 perveniebat,
941 2738 1039 2803 sciret

49 2833 188 2895 uantum
212 2828 327 2912 cuique
350 2829 491 2893 deberet.

116 2916 257 2981 Tentata
279 2919 390 2981 autem
408 2918 477 2981 eius
497 2921 548 2981 est
566 2915 766 2981 abstinentia
784 2937 803 2980 a
822 2914 1039 2980 Diomedonte
1057 2916 1080 2980 4

49 3005 202 3090 lyriceno:
226 3025 365 3087 namque
389 3005 417 3069 is
441 3009 560 3091 rogatu
582 3004 774 3068 Artaxerxis
798 3003 884 3089 regis
907 3003 1039 3087 Epami·

49 3093 169 3159 ondam
182 3093 320 3176 pecunia
334 3092 604 3177 corrumpendum
620 3095 815 3175 susceperat.
847 3091 901 3156 hic
920 3112 1039 3177 magno
1074 3140 1078 3146 .

49 3203 102 3246 um
134 3181 275 3265 pondere
307 3181 378 3245 auri
405 3180 534 3245 Thebas
566 3180 655 3245 venit
687 3184 721 3243 et
749 3179 934 3263 Micythum
966 3180 1041 3243 adu·

49 3290 136 3334 escen
137 3270 256 3352 tulum,
285 3290 382 3351 quem
409 3273 480 3333 tum
502 3267 746 3353 Epaminondas
769 3267 947 3351 plurimum
970 3266 1040 3329 dili·

49 3356 136 3440 ebat,
159 3358 301 3441 quinque
324 3357 438 3421 talent
414 3361 457 3420 trs
482 3356 522 3420 ad
544 3378 637 3422 suam
660 3355 812 3440 perduxit
827 3355 978 3419 voluntat
979 3375 1039 3417 em.

49 3444 194 3528 [icythus
213 3444 473 3528 Epaminondam
497 3444 647 3509 convenit
663 3447 704 3507 et
726 3464 858 3508 causam
881 3440 1039 3504 adventus

49 3532 235 3598 liomedont
212 3535 255 3597 trs
275 3535 327 3597 ost
313 3533 426 3597 tendit.
461 3536 496 3597 at
514 3532 569 3597 ille
584 3531 791 3596 Diomedont
767 3535 794 3594 tr
808 3549 918 3594 coram
934 3526 1038 3592 ‘'nihil
1059 3543 1075 3594 ι
