2324 4020
123 196 167 258 44
454 195 502 250 ΧΙ.
521 193 745 250 IPHICRATES.
773 203 798 250 3.

89 340 285 405 arationem
308 340 368 424 sui,
391 339 447 404 sed
470 340 638 404 inlabere
660 340 758 404 nimis
782 339 937 405 remissus
954 358 1130 424 parumque

124 427 269 512 patiens,
300 432 338 492 ut
368 427 598 512 Theopompus
630 428 807 493 memoriae
838 427 1000 512 prodidit,
1032 428 1128 493 bonus
1160 490 1162 496 ⁴

124 538 200 581 vero
229 517 308 581 ciris
336 516 463 600 fideque
490 536 618 601 magna.
665 516 847 599 quodcum
875 516 910 579 in
940 514 1016 580 aliis
1039 515 1128 580 rebus

124 604 310 689 declaravit,
333 608 404 668 tum
427 604 566 669 maxime
584 605 620 667 in
635 603 798 687 Amyntae
816 603 1005 669 Macedonis
1024 603 1126 668 liberis

1158 555 1162 662 l

124 692 262 757 tuendis.
307 714 448 776 namque
475 691 650 776 Eurydice,
681 696 786 756 mater
808 691 982 756 Perdiccae
1006 695 1040 757 et
1062 690 1128 756 Phi
1158 677 1162 762 l

124 780 215 864 lippi,
240 781 383 844 cumbis
403 780 528 844 duobus
547 780 656 863 pueris
676 779 821 863 Amynta
840 783 970 844 mortuo
991 779 1032 844 ad
1050 777 1125 864 Ipbr

126 1065 196 1106 sam
220 1045 338 1128 capitis
363 1045 462 1108 semel
486 1044 581 1127 dixit,
603 1044 691 1108 bello
715 1045 843 1127 sociali,
867 1044 964 1108 simul
989 1065 1063 1109 cum
1082 1042 1124 1107 Tr-

90 872 238 932 acraten
261 868 410 952 confligit
433 869 565 951 eiusque
590 869 706 950 opibus
730 868 862 933 defensa
885 871 944 932 est.
991 867 1124 933 vixitsd
1158 917 1162 943 ,

126 959 327 1020 senectutem
350 957 488 1039 placatis
508 957 543 1018 in
561 977 595 1020 se
615 977 748 1020 suorum
766 956 885 1020 civium
904 955 1032 1020 animis.
1064 977 1123 1021 cau·
1155 946 1162 1018 ¹,

90 1133 267 1214 rmotheo,
287 1154 388 1215 eoque
406 1132 525 1197 iudicio
545 1136 596 1195 est
614 1133 792 1196 absolutus.
826 1131 1018 1197 Menesthea
1032 1131 1123 1196 filiun
1155 1121 1162 1195 l

126 1219 259 1302 reliquit
282 1241 320 1284 ex
343 1220 504 1285 Thraessa
525 1225 655 1301 natum,
679 1218 754 1285 Coti
777 1221 864 1306 regis
886 1220 963 1284 filia.
1009 1219 1039 1283 is
1062 1240 1123 1285 cun
1155 1209 1162 1296 l

125 1307 396 1393 interrogaretur,
428 1312 538 1373 utrum
565 1307 683 1392 pluris,
712 1312 840 1391 patrem
868 1312 1064 1391 matremne,
1088 1306 1123 1372 lc·
1156 1298 1162 1373 l

127 1399 222 1477 ceret,
247 1395 408 1460 ‘matrem'
431 1397 547 1478 inquit.
581 1396 615 1459 id
638 1418 712 1461 cum
735 1396 885 1461 omnibus
909 1396 1029 1460 mirum
1051 1395 1123 1461 vide
1157 1447 1162 1471 ,

1156 1474 1162 1639 l

126 1486 225 1566 retur,
249 1487 282 1546 at
306 1483 360 1546 ille
384 1482 525 1547 ‘merito'
549 1483 656 1567 inquit
679 1483 790 1548 ‘faci02
813 1506 889 1548 nam
909 1488 1014 1568 pater,
1038 1504 1122 1567 quan·

126 1573 197 1633 tum
220 1570 254 1634 in
278 1591 311 1634 se
330 1570 402 1654 fuit,
425 1570 603 1635 Thraecem
622 1593 672 1635 me
692 1572 815 1657 genuit,
838 1575 954 1638 contra
972 1593 1011 1637 ea
1031 1575 1123 1637 mater

126 1657 381 1722 Atheniensem'
1104 1690 1108 1695 ·

525 1799 735 1807 ——--—..—

452 1941 531 2033 ΧΠ.
560 1959 807 2033 carnaiis.

94 2097 110 2160 1
215 2097 374 2163 Chabrias
393 2098 613 2162 Atheniensis.
649 2097 703 2163 hio
727 2118 854 2182 quoque
873 2098 908 2162 in
926 2056 1125 2165 summishrr
1161 2125 1162 2133 ¹

126 2185 215 2248 bitus
235 2190 286 2249 est
304 2186 439 2250 ducibus
454 2207 569 2268 resque
585 2186 705 2250 multas
720 2187 878 2251 memoria
891 2186 1007 2272 dignas
1021 2187 1126 2274 gessit

127 2272 183 2336 sed
211 2294 250 2337 ex
278 2273 319 2336 iis
348 2274 454 2338 elucet
481 2273 620 2338 maxime
647 2275 815 2339 inventum
842 2274 911 2338 eius
938 2275 974 2339 in
1000 2275 1126 2359 proelio,

127 2361 213 2442 quod
233 2361 318 2444 apud
332 2360 460 2425 Thebas
478 2360 566 2445 fecit,
585 2383 658 2426 cum
671 2362 805 2427 Boeotis
822 2362 968 2427 subsidio
982 2364 1125 2429 venisset

90 2463 265 2532 anumque
288 2449 324 2514 in
346 2470 384 2513 eo
407 2449 545 2513 victoria
563 2449 717 2514 fidentem
737 2472 899 2515 summum
917 2451 1032 2516 ducem
1050 2451 1126 2539 Ago·

127 2537 257 2620 silaum,
289 2535 413 2622 iugatis
445 2538 511 2601 iam
538 2538 580 2601 ab
609 2560 647 2602 eo
675 2538 886 2603 conducticiis
916 2539 1071 2623 catervis,
1098 2556 1127 2604 co

124 2625 295 2703 frustratus
320 2630 377 2708 est,
407 2627 488 2706 quod
514 2625 673 2709 reliquam
703 2626 899 2711 phalangem
928 2626 1001 2692 loco
1029 2627 1127 2693 vetuit

127 2712 238 2775 cedere
261 2712 444 2796 obnixoque
467 2734 552 2798 genu
571 2718 673 2797 scuto,
696 2714 842 2798 proiecta
858 2714 956 2778 hasta
974 2715 1128 2798 impetum

126 2801 272 2882 excipere
292 2799 436 2864 hostium
455 2801 572 2866 docuit.
602 2801 635 2864 id
654 2822 773 2866 novum
787 2801 960 2886 Agesilaus
976 2808 1126 2870 contuens

126 2886 278 2972 progredi
300 2908 366 2952 non
390 2892 440 2952 est
463 2910 561 2954 ausus
585 2910 724 2972 suosque
747 2890 814 2953 iam
831 2890 1034 2956 incurrentes
1054 2893 1127 2958 tuba

90 2991 107 3038 3
127 2975 299 3039 revocavit.
343 2975 406 3040 hoc
433 2998 535 3060 usque
564 2999 602 3041 eo
630 2981 702 3041 tota
726 2976 862 3042 Graecia
883 2977 971 3042 fama
994 2980 1127 3045 celebra·

126 3067 197 3126 tum
227 3067 290 3147 est,
322 3068 360 3128 ut
391 3064 447 3128 illo
481 3068 570 3129 statu
599 3062 757 3130 Chabrias
790 3066 853 3129 sibi
886 3069 1031 3132 statuam
1063 3066 1127 3134 fieri

125 3151 273 3235 voluerit,
297 3173 378 3235 quae
401 3152 530 3236 publice
550 3153 580 3217 ei
594 3153 634 3217 ab
650 3152 905 3218 Atheniensibus
920 3155 955 3218 in
968 3153 1042 3220 foro
1061 3177 1128 3222 con·

126 3238 244 3303 stituta
258 3244 317 3303 est.
348 3262 386 3305 ex
401 3261 465 3322 quo
479 3239 603 3305 factum
617 3245 668 3305 est
682 3243 719 3304 ut
733 3245 848 3324 postea
862 3242 1007 3307 athletae
1022 3243 1128 3309 ceteri·

126 3347 187 3410 que
205 3327 347 3392 artifices
365 3328 406 3391 iis
426 3327 567 3391 statibus
586 3329 622 3392 ia
640 3330 759 3392 statuis
778 3329 935 3413 ponendis
954 3334 1127 3415 uterentur,

126 3415 243 3496 quibus
265 3415 437 3480 victoriam
461 3420 570 3479 essent
592 3415 709 3500 adepti.

89 3499 111 3562 2
214 3500 372 3568 Chabrias
402 3505 511 3566 autem
539 3503 642 3567 multa
669 3504 704 3568 in
725 3503 858 3588 Europa
887 3505 972 3570 bella
1000 3506 1128 3574 admini-

1160 1999 1162 2120 l
