2324 4020
337 208 422 265 XXV.
440 208 600 265 ATTICUS.
630 215 654 264 9.
672 215 712 265 10.
962 210 1025 275 105

49 353 111 417 ulla
134 357 211 417 erat.
256 375 322 418 non
344 354 450 419 solum
472 354 604 440 inimici,
628 355 683 438 qui
706 359 777 419 tum
799 310 893 420 erant
914 361 1025 440 poten-

49 442 142 506 ssimi
164 445 198 506 et
224 442 370 527 plurimi,
399 443 578 509 sedetiam
602 444 658 527 qui
681 444 873 508 adversariis
897 445 966 509 eius
990 466 1024 510 se

49 529 232 596 enditabant
254 534 288 594 et
315 531 350 595 in
376 553 414 596 eo
441 530 595 596 laedendo
624 530 768 615 aliquam
794 537 1024 597 consecuturos

49 619 196 703 ¹rerabant
219 619 498 704 commoditatem,
521 618 657 684 Antonii
679 619 856 686 familiares
879 621 1025 704 inseque-

49 712 154 791 antur,
180 728 314 772 uxorem
336 706 485 771 Fulviam
513 709 663 772 omnibus
691 710 787 773 rebus
811 708 951 792 spoliare
974 730 1026 774 cu-

49 797 164 880 iebant,
186 795 306 860 liberos
329 796 428 860 etiam
452 797 656 881 exstinguere
679 798 848 880 parabant.
884 797 1060 883 Atticus,s

49 907 96 949 im
120 883 283 950 Ciceronis
306 884 422 949 intima
445 884 669 949 familiaritate
692 888 848 968 uteretur,
872 886 1026 951 amicissi-

49 994 95 1038 rus
119 977 206 1037 esset
226 972 340 1056 Bruto,
364 994 431 1037 non
453 973 548 1037 modo
571 972 717 1038 nihiliis
740 973 877 1039 indulsit
899 975 940 1040 ad
962 973 1027 1038 An-

49 1056 150 1127 inium
172 1061 365 1144 violandum,
390 1062 485 1126 sede
509 1062 672 1126 contrario
696 1061 872 1128 familiares
896 1062 965 1128 eius
988 1084 1027 1127 ex

49 1151 102 1215 rbe
120 1150 351 1250 profugientes,
374 1153 531 1233 quantum
548 1150 666 1233 potuit,
685 1151 776 1234 texit,
795 1151 911 1233 quibus
930 1151 1026 1216 rebus

49 1239 240 1324 idiguerunt,
259 1236 390 1302 adiuvit.
422 1238 539 1303 Publio
557 1259 633 1303 vero
647 1236 824 1303 Volumnio
844 1261 883 1302 ea
901 1239 1027 1324 tribuit,
1045 1258 1062 1307 4

49 1332 61 1391 t
78 1328 206 1410 pluraa
222 1329 356 1410 parente
374 1327 536 1409 proficisci
549 1348 616 1391 non
633 1325 809 1410 potuerint.
838 1327 903 1410 ipsi
917 1331 1027 1392 autem

51 1415 171 1498 uluiae,
201 1435 274 1479 cum
300 1413 414 1479 litibus
442 1415 651 1480 distineretur
679 1415 869 1499 magnisque
898 1415 1028 1480 terrori-

49 1526 85 1569 us
112 1506 295 1586 vexaretur,
326 1506 420 1567 tanta
447 1503 617 1589 diligentia
645 1503 788 1568 officium
816 1525 911 1568 suum
937 1525 1028 1587 prae·

49 1593 121 1677 itit,
143 1595 181 1657 ut
202 1591 328 1655 nullum
350 1591 408 1654 illa
431 1592 555 1657 stiterit
577 1592 797 1657 vadimonium
816 1593 886 1656 sine
904 1591 1027 1676 Attico,

49 1683 146 1746 titicus
177 1701 314 1764 sponsor
343 1680 488 1744 omnium
519 1702 627 1744 rerum
658 1680 765 1745 fuerit.
812 1681 890 1763 quin
919 1681 1062 1764 etiams

49 1791 98 1835 um
129 1768 187 1832 illa
217 1767 352 1832 fundum
385 1769 524 1833 secunda
554 1767 687 1833 fortuna
714 1769 847 1832 emisset
878 1769 913 1832 in
943 1769 1028 1833 diem

49 1880 128 1941 eque
145 1860 221 1940 post
239 1857 459 1921 calamitatem
476 1878 642 1921 versuram
659 1856 766 1921 facere
784 1857 954 1941 potuisset,
972 1857 1027 1920 ille

49 1969 59 2012 e
82 1946 279 2029 interposuit
305 1945 537 2028 pecuniamque
560 1946 629 2010 sine
652 1944 782 2009 faenore
806 1945 938 2026 sineque
959 1943 1028 2008 ulla

49 2034 236 2118 ipulatione
259 2033 408 2116 eredidit,
435 2035 612 2098 maximum
635 2033 823 2097 existimans
848 2030 1028 2117 quaestum,

49 2144 201 2188 remorem
224 2125 418 2206 gratumque
442 2122 608 2207 cognosci,
635 2121 795 2205 simulque
823 2121 970 2203 aperiens
993 2142 1027 2184 se

49 2233 90 2277 on
107 2210 267 2294 fortunae,
286 2210 343 2274 sed
360 2209 547 2274 hominibus
562 2211 666 2274 solere
680 2230 750 2274 esse
765 2209 914 2274 amicum.
946 2230 1027 2291 quae
1047 2228 1063 2276 o

49 2322 98 2365 um
125 2298 280 2383 faciebat,
308 2319 403 2362 nemo
432 2320 506 2363 eum
533 2298 688 2382 temporis
717 2319 815 2363 causa
841 2297 947 2362 facere
974 2318 1029 2380 po-

49 2392 112 2454 erat
134 2387 333 2452 existimare:
360 2387 482 2450 nemini
505 2386 591 2450 enim
613 2387 647 2451 in
670 2387 857 2470 opinionem
879 2384 1029 2449 veniebat

49 2476 206 2541 ntonium
233 2496 340 2538 rerum
367 2475 557 2558 potiturum.
603 2475 659 2539 sed
683 2496 794 2539 sensus
818 2475 886 2536 eius
910 2495 930 2536 a
951 2490 1064 2540 non-⁷

48 2565 123 2629 ullis
139 2563 352 2647 optimatibus
366 2562 670 2647 reprehendebatur,
689 2562 774 2646 quod
787 2582 903 2643 parum
922 2560 1029 2624 odisse

49 2654 129 2718 ralos
153 2652 238 2716 cives
261 2651 433 2717 videretur.
478 2651 533 2715 ille
557 2655 680 2735 eutem,
703 2651 754 2714 sui
776 2648 896 2732 iudicii,
918 2648 1029 2732 potius

48 2742 104 2806 uid
131 2762 165 2804 se
192 2739 297 2804 facere
326 2761 387 2822 par
413 2743 499 2804 esset
527 2738 716 2803 intuebatur
743 2759 840 2822 quam
869 2736 945 2820 quid
973 2736 1030 2800 alii

49 2829 189 2894 sudaturi
211 2827 327 2892 forent.

115 2916 277 2982 Conversa
300 2916 408 2980 subito
431 2915 564 2981 fortima
586 2919 644 2980 est.
685 2918 723 2979 ut
745 2913 910 2980 Antonius
933 2913 1031 2978 rediit
1042 2915 1083 2979 10

49 3029 61 3070 1
90 3005 236 3089 Italiam,
267 3026 363 3068 nemo
394 3025 461 3069 non
492 3025 611 3089 magno
643 3003 678 3066 in
709 3003 853 3086 periculo
881 3001 1031 3068 Atticum

49 3098 159 3158 utarat
185 3097 319 3177 propter
345 3092 496 3157 intimam
523 3091 781 3156 familiaritatem
805 3089 969 3156 Ciceronis
998 3094 1031 3153 et

49 3184 129 3248 fruti.
181 3183 292 3265 itaque
324 3182 365 3246 ad
401 3181 576 3247 adventum
611 3181 847 3263 imperatorum
883 3178 922 3242 de
957 3177 1065 3241 foros

49 3274 227 3353 ecesserat,
258 3271 377 3334 timens
404 3269 693 3354 proscriptionem,
725 3267 912 3350 latebatque
945 3265 1031 3347 apud

49 3363 61 3424 ³.
84 3358 310 3442 Volumnium,
333 3359 394 3442 oui,
417 3362 455 3422 ut
478 3357 693 3439 ostendimus,
716 3357 814 3440 paulo
838 3357 912 3417 ante
936 3373 1031 3434 opem

49 3449 147 3512 ulerat
175 3444 281 3531 (tante
308 3447 447 3510 varietas
477 3446 518 3510 iis
546 3444 747 3528 temporibus
779 3442 841 3506 fuit
873 3440 1031 3523 fortunae,

48 3543 62 3600 t
85 3536 182 3601 modo
210 3535 258 3619 hi,
288 3534 384 3599 modo
407 3534 456 3598 illi
479 3535 514 3598 in
537 3554 662 3598 summo
687 3537 795 3596 essent
817 3531 874 3592 eut
896 3526 1029 3612 fastigio
