2324 4020
331 219 403 275 XIV.
422 219 605 278 DATAMES.
634 231 658 280 4.
678 229 703 280 ὅ.
979 229 1020 293 51

51 362 145 425 nsiit
172 384 274 446 eoque
303 385 367 447 quo
397 359 566 430 studuerat
598 368 696 431 venit.
742 371 870 450 quaerit
902 374 1021 456 quibus

51 450 89 513 is
126 450 169 514 sit
201 451 317 534 Aspis‘:
355 454 524 537 cognoscit
554 454 641 518 haud
673 454 770 541 longe
803 459 917 524 abesse
948 483 1022 545 pro·

52 542 196 622 tumque
220 543 291 603 tum
314 546 477 605 venatum.
523 564 619 625 quem
643 543 719 607 dum
744 548 946 633 speculatur,
969 550 1021 614 ad·

51 631 126 692 itus
151 628 219 692 eius
243 649 341 693 causa
364 630 580 714 cognoscitur.
617 629 743 696 Pisidas
767 655 841 698 cum
863 635 914 719 iis,
938 658 1020 720 quos

51 738 121 780 :um
148 716 305 800 habehat,
335 717 375 780 ad
402 718 618 783 resistendum
641 718 741 804 Aspis
765 728 942 806 comparat.
986 725 1055 800 id‘5

51 809 168 869 ,tames
191 804 248 868 uhi
272 805 409 890 audiuit,
441 829 532 871 arma
561 808 673 891 sumit,
702 829 778 874 suos
802 812 894 895 sequi
916 812 1021 898 iubet3

51 915 79 957 re
105 914 188 976 equo
213 893 376 959 concitato
402 894 442 958 ad
464 895 594 959 hostem
613 896 751 962 vehitur.
788 920 885 982 quem
907 901 1020 984 procul

51 981 110 1064 ¹pis
136 982 337 1065 conspiciens
361 982 401 1045 ad
424 1003 458 1046 se
481 984 640 1048 ferentem
662 986 865 1068 pertimescit
884 991 983 1072 atque
1001 1011 1021 1053 a

51 1072 131 1134 natu
145 1070 317 1134 resistendi
331 1071 506 1136 deterritus
521 1093 591 1136 sese
606 1072 737 1137 dedidit.
763 1074 849 1140 hunc
863 1075 1019 1142 Datames

51 1162 157 1222 ictum
180 1158 220 1222 ad
243 1179 353 1244 regem
376 1159 556 1224 ducendum
579 1160 680 1224 tradit
702 1160 896 1227 Mithridati.

98 1245 189 1310 Haec
217 1247 295 1311 dum
322 1252 492 1333 geruntur,
524 1247 721 1313 Artaxerxes
749 1251 973 1336 reminiscens,
1000 1266 1059 1331 a5

54 1339 134 1398 anto
157 1334 244 1400 bello
268 1335 309 1399 ad
332 1357 430 1419 quam
452 1358 586 1419 parvam
608 1357 677 1400 rem
700 1337 879 1421 principem
901 1339 1019 1404 ducum

51 1423 165 1507 sisset,
188 1444 222 1486 se
244 1423 315 1507 ipse
338 1424 544 1508 reprehendit
563 1429 597 1488 et
614 1425 765 1489 nuntium
784 1425 824 1489 ad
842 1427 1021 1492 exercitum

51 1533 103 1577 :en
125 1511 230 1595 misit,
257 1511 344 1595 quod
370 1513 515 1577 nondum
537 1511 701 1577 Datamen
722 1513 905 1596 profectum
928 1519 1020 1598 puta·

51 1604 79 1683 t,
102 1599 159 1683 qui
183 1600 313 1684 diceret,
334 1622 375 1664 ne
399 1601 439 1665 ab
464 1601 607 1665 exercitu
625 1601 812 1666 discederet.
846 1602 899 1666 hic
917 1603 1020 1687 prius·

51 1710 111 1778 am
133 1689 330 1773 perveniret,
358 1710 422 1772 quo
445 1692 517 1753 erat
539 1689 718 1772 profectus,
745 1690 780 1753 in
807 1690 923 1754 itinere
947 1712 1020 1755 eon·
1111 1717 1117 1726 ¹

51 1777 110 1860 nit,
125 1776 181 1859 qui
195 1776 312 1860 Aspim
326 1778 496 1842 ducebant.
520 1799 584 1860 qua
598 1778 764 1842 celeritate
779 1799 853 1842 cum
867 1798 1019 1863 magnam
1038 1809 1053 1856 ρ

51 1865 265 1929 :nivolentiam
297 1866 384 1950 regis
412 1864 568 1930 Datames
599 1869 791 1930 consecutus
824 1871 923 1949 esset,
953 1888 1020 1930 non

51 1953 172 2018 inorem
189 1953 345 2018 invidiam
364 1954 543 2019 aulicorum
558 1954 693 2038 excepit,
711 1953 798 2036 quod
811 1953 905 2017 illum
919 1976 1020 2018 unum

51 2042 116 2106 uris
136 2063 233 2125 quam
253 2063 287 2106 se
306 2064 418 2107 omnes
439 2042 510 2107 fieri
528 2042 690 2106 videbant.
724 2063 788 2124 quo
807 2040 895 2106 facto
911 2042 1019 2107 cuncti

51 2131 56 2194 l
77 2152 150 2194 eum
173 2130 419 2214 opprimendum
443 2133 683 2195 consenserunt.
722 2129 802 2193 haec
825 2128 1053 2214 Pandantes,3

51 2240 112 2284 izae
143 2223 253 2284 custos
285 2219 408 2305 regiae,
440 2219 563 2284 amicus
595 2217 743 2300 Datami,
774 2219 958 2302 perscripta
989 2219 1019 2284 ei

51 2306 132 2391 ittit,
161 2307 336 2391 inquibus
360 2307 455 2373 docet
478 2329 551 2372 eum
574 2308 609 2371 ia
631 2327 750 2391 magno
774 2307 843 2371 fore
866 2307 1019 2390 periculo,

67 2395 144 2479 quid
166 2395 223 2461 illo
246 2396 429 2480 imperante
452 2395 578 2460 adversi
607 2395 642 2459 in
664 2395 816 2481 Aegypto
839 2394 1018 2459 accidisset.

51 2505 152 2567 imque
175 2507 247 2549 eam
270 2506 341 2550 esse
360 2483 624 2549 consuetudinem
642 2483 776 2568 regiam,
797 2486 836 2546 ut
854 2503 947 2547 casus
966 2481 1054 2560 ad·4

51 2594 125 2638 usos
156 2573 343 2637 hominihus
371 2572 532 2655 tribuant,
564 2572 720 2636 secundos
750 2569 900 2634 fortunae
928 2591 1018 2634 suae:

51 2682 79 2726 ro
106 2661 177 2726 fieri
204 2664 241 2725 ut
268 2659 363 2725 facile
390 2659 600 2743 impellantur
625 2656 668 2722 ‘ad
695 2680 807 2723 eorum
833 2658 1019 2742 perniciem,

51 2771 152 2814 rorum
174 2748 273 2815 ductu
295 2770 346 2813 res
369 2749 454 2813 male
477 2751 589 2833 gestae
610 2747 810 2811 nuntientur.
845 2745 939 2809 illum
957 2746 1019 2810 hoc

51 2838 137 2902 aiore
159 2836 229 2902 fore
251 2837 287 2901 in
309 2836 508 2919 discrimine,
531 2834 630 2918 quod,
658 2834 776 2916 quibus
799 2854 856 2897 rex
879 2833 1018 2897 maxime

51 2924 175 3009 roediat,
193 2947 249 2990 eos
267 2924 387 2990 haheat
405 2923 656 2988 inimicissimos.
688 2920 810 2985 talibus
828 2921 883 2986 ille
898 2921 1017 2985 litteris
1037 2953 1054 3003 5

51 3013 170 3100 gnitis‚
193 3035 266 3078 eum
288 3013 354 3077 iam
379 3012 419 3075 ad
442 3011 619 3076 exercitum
642 3009 732 3074 Acen
755 3009 910 3092 venisset,
933 3009 1019 3093 quod

51 3125 80 3168 »n
101 3102 276 3188 ignorabat
298 3123 337 3165 ea
358 3121 432 3165 vere
456 3100 587 3183 scripta,
610 3097 786 3162 desciscere
810 3118 830 3160 a
852 3117 928 3182 rege
947 3119 1019 3161 con-

51 3190 135 3256 ituit.
179 3210 283 3273 neque
306 3193 417 3253 tamen
440 3188 613 3271 quicquam
636 3185 727 3269 fecit,
757 3185 844 3268 quod
871 3185 933 3248 fide
961 3206 1020 3247 sua

51 3283 100 3344 ret
118 3277 296 3364 indignum.
330 3299 406 3342 nam
425 3274 645 3339 Mandroclem
659 3273 847 3358 Magnetem
864 3272 1019 3337 exercitui
1038 3297 1054 3352 θ’

51 3366 184 3450 aefecit3
206 3366 276 3450 ipse
299 3387 372 3430 curn
395 3364 462 3428 suis
486 3364 520 3427 in
534 3361 773 3446 Cappadociam
791 3360 927 3425 discedit
947 3378 1020 3422 con·

51 3459 223 3538 notamque
245 3453 321 3518 huic
343 3452 601 3537 Paphlagoniam
628 3453 778 3532 occupat,
809 3448 929 3530 celans,
957 3466 1021 3529 qua

51 3547 183 3610 luntata
202 3545 288 3606 esset
306 3542 340 3606 in
358 3561 476 3626 regem.
515 3541 598 3604 clam
616 3560 690 3603 cum
704 3536 922 3601 Ariobarzane
940 3533 1021 3598 facit

828 3638 862 3691 4*
