2324 4020
131 219 194 283 110
431 216 516 272 XXV.
534 214 695 273 Annlcus'.
724 221 836 273 16-18.

129 363 317 447 aequalibus
345 366 454 427 autem
481 362 548 427 suis
576 362 613 439 Q.
640 361 817 426 Hortensio
845 364 879 425 et
906 360 951 426 M
981 360 1130 428 Cicerone

129 452 176 516 sic
203 451 297 534 vixit,
328 455 367 516 ut
393 451 534 515 iudicare
564 449 695 516 difficile
726 449 783 532 sit,
815 450 867 514 cui
899 450 1006 514 aetati
1036 449 1128 514 fuerit

93 557 109 603 2
129 540 327 624 aptissimus.
364 561 560 623 quamquam
583 561 657 603 eum
678 537 850 622 praecipue
872 538 990 603 dilexit
1012 535 1124 622 Cicero,

128 632 166 693 ut
191 650 232 692 ne
259 627 361 692 frater
388 627 518 711 quidem
541 627 571 691 ei
594 626 735 702 Quintus
759 626 864 690 carior
885 625 989 691 fuerit
1010 630 1067 691 aut
1086 625 1122 690 fa·
1154 703 1156 709 Α

93 716 294 780 amiliarior.
340 715 370 779 ei
392 715 440 779 rei
463 719 539 779 sunt
565 714 684 779 indicio
714 718 843 798 praeter
870 735 925 779 eos
953 715 1069 799 libros,
1094 714 1120 777 in
1154 762 1155 766 ,

129 805 246 888 quibus
274 805 312 868 de
340 823 377 868 eo
410 801 490 867 fauit
521 803 733 886 mentionem,
765 803 821 886 qui
850 802 885 866 in
911 803 1029 888 vulgus
1056 804 1119 867 sunt
1153 847 1156 866 ,

129 893 216 974 editi,
239 891 379 956 sedecim
396 891 562 955 volumina
580 890 802 975 epistularum,
820 891 860 955 ab
875 891 1046 956 consulatu
1061 889 1118 955 eius
1155 940 1156 945 1

128 1001 229 1062 usque
257 980 298 1043 ad
325 983 505 1043 extremum
537 983 665 1063 tempus
697 980 738 1043 ad
764 977 914 1044 Atticum
945 979 1118 1043 missarum:
1150 981 1156 1042 Ξ

129 1089 211 1150 quae
235 1069 291 1150 qui
312 1068 410 1152 legat,
432 1088 498 1131 non
520 1067 659 1131 multum
682 1067 842 1131 desideret
864 1067 1037 1132 historiam
1058 1087 1118 1131 cou-
1149 1090 1156 1148 1

93 1160 253 1222 atextam
276 1177 388 1221 eorum
411 1160 603 1238 temporum.
643 1155 690 1219 sic
713 1156 799 1219 enim
822 1155 932 1220 omnia
954 1155 993 1221 de
1016 1153 1118 1220 studiis
1149 1179 1156 1201 ⁷

128 1245 323 1329 principum,
355 1244 444 1308 vitiis
476 1244 606 1328 ducum,
638 1243 874 1308 mutationibus
906 1244 953 1308 rei
985 1243 1118 1327 publiea
1150 1267 1156 1287 ¹

128 1333 310 1417 perscripta
333 1336 418 1415 sunt,
440 1335 478 1396 ut
499 1331 582 1395 nihil
604 1332 639 1395 iu
662 1332 707 1396 eis
726 1353 793 1396 non
810 1335 970 1416 appareat
987 1335 1020 1396 et
1037 1328 1117 1395 facile
1154 1386 1156 1391 .

129 1421 309 1485 existimari
331 1421 445 1505 possit,
468 1419 673 1504 prudentiam
692 1421 833 1503 quodam
852 1421 948 1485 modo
967 1440 1036 1484 esse
1054 1417 1118 1483 divi·
1154 1422 1156 1428 '

127 1509 304 1573 nationem.
348 1508 524 1573 nonenim
547 1506 659 1572 Cicero
683 1530 721 1572 ea
748 1509 868 1592 solum,
895 1529 978 1592 qnae
1000 1507 1072 1572 vivo
1091 1525 1118 1570 ss

129 1597 323 1681 acciderunt,
344 1595 455 1660 futura
473 1596 642 1679 praedixit,
665 1596 721 1660 sed
740 1596 847 1681 etiam,
871 1618 953 1681 quae
970 1616 1054 1660 nuno
1068 1614 1118 1659 usn

129 1686 270 1769 veniunt,
294 1684 411 1749 cecinit
433 1687 471 1748 ut
493 1687 592 1749 vates.

78 1773 117 1836 17
216 1771 265 1837 De
292 1773 415 1857 pietate
445 1776 554 1837 autem
581 1771 686 1837 Attici
714 1772 791 1855 quid
817 1773 913 1855 plura
942 1791 1118 1838 commemo

129 1862 219 1927 rem?
265 1884 338 1926 cum
367 1860 429 1926 hoo
456 1861 564 1945 ipsum
591 1883 665 1925 vere
693 1861 888 1946 gloriantem
915 1859 1119 1926 audierimin

128 1951 240 2015 funere
263 1949 377 2014 matris
401 1971 486 2033 suae,
510 1971 607 2032 quam
630 1949 747 2013 extulit
769 1970 928 2013 annorum
944 1949 1119 2036 nonaginta

129 2061 202 2103 cum
224 2041 288 2121 epse
310 2042 383 2103 esset
405 2041 530 2121 septem
553 2041 587 2101 et
610 2038 788 2122 sexaginta,
811 2058 845 2102 se
863 2058 1041 2121 numquam
1058 2055 1119 2103 cun

129 2131 233 2191 matre
252 2127 286 2190 in
304 2126 445 2210 gratiam
463 2125 594 2209 redisse,
616 2146 793 2208 numquam
811 2147 884 2191 cum
903 2147 1014 2192 sorore
1032 2125 1120 2191 fnisse

95 2214 164 2277 ain
191 2214 371 2297 s1multate,
399 2235 497 2296 quam
524 2235 624 2298 prope
652 2215 819 2296 aequalem
850 2214 1002 2279 habebat
1047 2209 1121 2298 quod

130 2305 180 2366 est
208 2302 337 2387 signum
364 2305 423 2366 aut
447 2301 572 2366 nullam
598 2323 753 2384 umquam
782 2302 869 2367 inter
894 2323 951 2367 eos
974 2301 1121 2386 qnerimo

128 2391 218 2455 niam
249 2389 482 2475 intercessisse,
514 2394 572 2455 ant
597 2391 684 2455 hunc
714 2412 752 2454 ea
782 2389 882 2455 fuisse
913 2390 949 2455 in
980 2412 1055 2456 suos
1082 2389 1121 2453 in

129 2479 308 2566 dulgentia,
338 2483 389 2562 ut,
422 2499 502 2561 quos
533 2499 642 2544 amare
669 2478 813 2562 deberet,
843 2478 941 2543 irasci
968 2479 1014 2543 eis
1041 2476 1121 2543 nefas
1150 2496 1156 2601 q

94 2585 110 2630 3
130 2570 268 2634 duceret.
295 2589 398 2650 neque
411 2568 445 2632 id
459 2566 538 2632 fecit
550 2571 669 2632 natura
683 2567 797 2650 solum,
811 2588 1008 2650 quamquam
1022 2583 1121 2632 omnes

129 2657 159 2720 ei
180 2678 344 2741 paremus,
372 2656 427 2720 sed
450 2655 550 2720 etiam
572 2655 732 2721 doctrina:
762 2676 837 2719 uam
858 2655 1042 2739 principum
1062 2652 1121 2739 phi·
1149 2638 1156 2774 1

129 2744 339 2828 losophorum
361 2745 409 2808 ita
435 2747 589 2828 percepta
615 2743 731 2809 habuit
756 2746 942 2827 praecepta,
968 2747 1007 2808 ut
1028 2742 1068 2808 iis
1088 2738 1120 2805 sd

129 2832 231 2896 vitam
255 2832 421 2916 agendam,
443 2854 509 2896 non
531 2832 572 2896 ad
595 2831 847 2897 ostentationem
869 2835 1025 2897 uteretur.

80 2919 119 2984 18
216 2919 318 2984 Moris
342 2921 441 2984 etiam
464 2920 624 2984 maiorum
647 2941 791 2985 summus
819 2919 967 2984 imitator
994 2919 1058 2984 fnit
1079 2938 1120 2982 an

130 3007 357 3090 tiquitatisque
390 3011 532 3092 amator,
569 3030 665 3091 quam
697 3009 777 3073 adeo
810 3008 984 3093 diligenter
1018 3004 1121 3072 habuit

131 3096 309 3180 cognitam,
335 3099 373 3159 ut
400 3117 472 3160 eam
499 3100 605 3161 totam
631 3097 665 3159 in
693 3119 730 3161 eo
753 3096 916 3161 volumine
939 3094 1121 3181 exposuerit,
1151 3100 1156 3189 l

95 3199 194 3265 aquo
218 3183 430 3268 magistratus
454 3184 623 3249 ordinavit.
659 3185 748 3248 nulla
766 3185 852 3249 enim
874 3185 927 3248 lex
948 3206 1053 3268 neque
1070 3200 1121 3267 pax

129 3293 232 3355 neque
260 3272 381 3335 bellum
407 3293 511 3355 neque
538 3295 589 3337 res
617 3272 755 3337 illustris
778 3277 828 3337 est
850 3272 963 3357 populi
986 3268 1121 3351 Romani,
1149 3240 1156 3357 l

131 3380 213 3442 quae
235 3381 302 3424 non
319 3360 354 3422 in
372 3381 410 3424 eo
430 3382 488 3425 suo
507 3365 654 3444 tempore
674 3361 718 3425 sit
735 3364 859 3444 notata,
882 3364 924 3444 et,
948 3361 1035 3444 quod
1053 3356 1121 3425 diffi-

131 3447 287 3512 cillimum
314 3447 390 3532 fuit,
418 3448 464 3513 sie
486 3448 683 3513 familiarum
707 3448 865 3533 originem
887 3448 1068 3533 subtexuit,
1092 3446 1121 3509 ut

131 3556 169 3598 ex
192 3557 230 3599 eo
254 3535 415 3600 clarorum
437 3537 579 3602 virorum
607 3536 802 3622 propagines
831 3536 995 3620 possimus
1019 3554 1121 3621 cogno
