2324 4020
128 239 192 304 100
444 234 528 290 XXV.
548 231 716 289 araldus„
739 238 763 288 1.
782 238 807 287 a.

91 401 107 449 5
213 381 319 448 Huius
343 381 381 446 de
404 381 472 445 rita
494 383 528 444 et
551 378 695 443 moribus
718 377 813 462 plura
835 377 871 441 iu
894 398 933 442 eo
957 375 1042 441 libro
1062 396 1120 460 per
1150 396 1152 403 ’

126 472 230 538 secuti
257 492 381 554 sumus,
411 490 507 552 quem
530 467 706 551 separatim
728 465 767 531 de
790 487 828 531 eo
852 464 993 530 fecimus
1014 467 1117 549 rogatu

125 560 162 624 Τ.
179 558 351 644 Pomponii
373 556 487 622 Attici.
524 577 623 639 quare
645 554 809 620 studiosos
829 551 967 619 Catonis
989 553 1030 619 ad
1050 550 1114 616 illud
1147 566 1149 581 ¹

126 650 277 714 volumen
299 646 494 731 delegamus.

523 802 734 813 --.--.----

457 948 565 1022 xxv.
592 944 803 1020 irrasus
1074 930 1077 936 ’
1130 834 1152 991 l

93 1091 110 1155 l
214 1087 250 1153 Τ.
272 1085 471 1170 Pomponius
494 1085 640 1170 Atticus,
668 1087 709 1151 ab
732 1084 857 1171 origine
880 1083 997 1149 ultima
1017 1079 1108 1166 stirpis
1143 1099 1152 1141 r

126 1175 292 1242 Romanae
320 1179 507 1261 generatus,
536 1178 695 1259 perpetuo
718 1196 737 1238 a
759 1171 937 1239 maioribus
965 1174 1109 1255 acceptam
1144 1188 1152 1248 r

92 1269 312 1351 sequestrem
339 1263 483 1329 obtinuit
510 1263 714 1348 dignitatem.
758 1265 852 1345 patre
879 1281 958 1325 usus
985 1262 1035 1326 est
1057 1256 1109 1323 dili·

127 1359 224 1440 gente
257 1358 303 1438 et,
334 1356 372 1417 ut
403 1355 474 1416 tum
506 1355 600 1417 erant
631 1356 795 1435 tempora,
827 1349 889 1414 diti
919 1348 1152 1434 inprimisquq

127 1442 274 1506 studioso
297 1441 490 1510 litterarum.
535 1440 604 1522 hic,
626 1443 725 1524 prout
746 1440 817 1524 ipse
840 1438 974 1503 amabat
994 1437 1110 1516 litterae,
1145 1451 1152 1493 i

128 1530 279 1594 omnibus
311 1527 486 1610 doctrinis,
523 1528 639 1612 quibus
675 1527 809 1612 puerilis
844 1530 934 1591 aetas
971 1521 1112 1611 impertiri
1145 1540 1152 1580 ³

91 1617 237 1701 adebet‚
264 1616 368 1680 filium
396 1615 543 1680 erudivit.
589 1619 659 1680 erat
687 1619 796 1680 autem
823 1616 858 1679 in
879 1635 981 1699 puero
1003 1616 1112 1698 praeter
1147 1628 1152 1668 t

127 1704 329 1771 docilitatem
355 1705 478 1789 ingenii
508 1726 634 1769 summa
657 1705 800 1769 suavitas
824 1703 890 1768 oris
915 1707 1011 1787 atque
1032 1698 1112 1781 vocis,

126 1799 164 1860 ut
181 1815 249 1859 non
266 1794 372 1858 solum
391 1792 539 1857 celeriter
557 1793 718 1876 acciperet
736 1813 818 1876 quae
837 1791 1056 1875 tradebantur,
1070 1786 1112 1854 sed
1149 1804 1152 1864 j

127 1882 227 1948 etiarn
244 1882 438 1947 excellenter
459 1882 694 1966 pronuntiaret.
730 1895 859 1965 quaer
882 1900 918 1945 re
940 1879 977 1945 in
992 1876 1113 1964 pueritie

126 1972 246 2036 nobilis
278 1971 363 2034 inter
395 1971 545 2053 aequales
577 1968 743 2033 ferebatur
774 1968 956 2051 clariusque
989 1965 1112 2052 exspleu

129 2060 294 2142 descebat,
331 2080 428 2142 quam
463 2058 612 2143 generosi
644 2055 857 2142 condiscipuli
889 2056 996 2122 animo
1028 2072 1112 2138 aequo

92 2162 109 2210 4
127 2147 211 2211 ferre
234 2149 378 2230 possent.
411 2147 523 2230 itaque
541 2145 701 2210 incitabat
719 2166 830 2210 omnes
849 2145 959 2210 studio
977 2165 1044 2228 suo,
1063 2160 1112 2227 quo

127 2235 163 2298 in
192 2255 326 2299 numero
358 2233 490 2298 bierunt
521 2232 557 2297 L.
584 2233 786 2317 Torquatus,
818 2231 853 2298 0.
881 2232 1005 2298 Marius
1034 2229 1113 2311 filios,

128 2322 173 2387 M.
197 2321 325 2388 Cicero:
363 2342 444 2404 quos
472 2322 704 2387 consuetudine
736 2342 795 2386 sua
826 2321 873 2386 sic
904 2318 1114 2405 devinxit,ut

126 2433 223 2477 nemo
246 2410 286 2474 iis
310 2411 552 2494 perpetuariter
574 2408 673 2473 brerit
696 2410 808 2474 carior.

93 2501 114 2566 2
216 2497 315 2563 Pater
338 2501 464 2562 mature
487 2497 634 2563 decessit.
666 2498 736 2581 ipse
755 2497 1016 2563 adulescentulus
1037 2515 1114 2582 prop

128 2591 179 2653 ter
202 2587 396 2652 affinitatem
419 2585 455 2651 P.
479 2584 628 2671 Sulpicii,
656 2586 711 2669 qui
733 2587 884 2651 tribunus
906 2586 1014 2671 plebei
1035 2585 1115 2651 iuter

128 2676 233 2741 fectus
261 2680 325 2761 est,
356 2697 423 2740 uon
452 2697 566 2758 expers
597 2674 661 2739 fuit
692 2674 780 2739 illius
809 2674 959 2758 periculi:
993 2689 1115 2757 namque

129 2763 258 2847 Anicia,
279 2762 452 2847 Pomponii
476 2762 682 2845 consobrina,
703 2766 860 2846 nupserat
882 2759 1010 2848 Servio,
1036 2757 1116 2827 fratri

95 2850 275 2934 aSulpicii.
320 2852 430 2934 itaque
454 2851 626 2916 interfecto
650 2849 794 2934 Sulpicio
816 2855 1030 2935 posteaquam
1049 2846 1118 2916 vidit
1143 2790 1152 2915 l

129 2938 276 3005 Cinnano
304 2939 447 3004 tumultu
477 2940 643 3004 civitatem
672 2960 742 3003 esse
773 2940 999 3023 perturbatam
1029 2957 1118 3023 neque

130 3028 193 3092 sibi
212 3027 282 3091 dari
299 3026 490 3092 facultatem
508 3050 567 3112 pro
586 3027 746 3113 dignitate
760 3027 897 3112 vivendi,
920 3028 999 3112 quin
1017 3029 1119 3094 alteru·

130 3119 215 3180 tram
234 3117 360 3198 partem
379 3115 564 3200 offenderet,
583 3116 766 3181 dissociatis
783 3115 900 3180 animis
914 3116 1042 3202 civium,
1059 3134 1121 3182 cum

130 3204 187 3269 alii
211 3200 362 3287 Sullanis,
385 3203 441 3267 alii
460 3202 614 3269 Cinnanis
637 3204 783 3270 faverent
804 3204 962 3290 partibus,
984 3205 1122 3271 idoneum
1150 3238 1152 3247 ·

130 3297 258 3376 tempus
282 3295 372 3356 ratus
397 3291 513 3356 studiis
538 3293 734 3377 obsequendi
757 3294 824 3358 suis
843 3291 991 3360 Athenas
1009 3315 1044 3360 se
1062 3313 1123 3360 con·

130 3381 217 3446 tulit.
261 3401 365 3464 neque
388 3401 426 3444 eo
450 3381 551 3445 setius
576 3382 813 3447 adulescentem
836 3380 977 3446 Marium
1006 3382 1124 3449 hostem

130 3469 308 3533 iudicatum
330 3467 413 3532 iuvit
436 3469 552 3551 opibus
576 3470 651 3552 suis,
674 3469 764 3534 euius
782 3469 894 3554 fugam
913 3471 1051 3554 pecunia
1063 3471 1125 3538 sub

96 3555 258 3621 elevavit.
300 3577 337 3621 ae
361 3577 401 3621 ne
429 3556 486 3621 illa
508 3557 727 3642 peregrinatio
750 3558 982 3624 detrimentum
1005 3557 1127 3645 aliquod
