2324 4020
317 207 587 263 munerante
609 214 650 263 10.
671 214 714 262 n.
981 208 1024 272 55

19 361 49 420 et
72 357 189 419 absens
214 353 392 418 amicitiam
415 375 488 418 cum
511 352 650 417 Datame
673 352 762 436 facit,
788 353 874 438 regis
897 353 1026 436 provin·

21 445 82 509 cias
106 447 216 526 vexat,
243 441 378 506 castella
400 446 578 527 expugnat,
606 461 740 526 magnas
768 441 904 524 praedas
929 441 1025 524 capit,

26 554 154 615 quarum
185 530 307 615 partim
339 530 406 594 suis
439 529 604 613 dispertit,
636 529 759 613 partim
791 528 831 593 ad
862 526 1026 592 Datamen

27 620 135 704 mittit3
161 619 234 703 pari
260 618 357 682 modo
385 617 553 701 complura
576 617 711 682 castella
733 617 763 680 ei
791 616 899 680 tradit.
944 615 1060 692 haec3
1134 671 1141 680 .

29 708 75 773 diu
104 707 250 772 faciendo
282 706 429 790 peruasit
459 705 585 770 homini
613 727 647 770 sa
679 705 845 770 infinitum
873 705 1025 769 adversus

10 817 126 882 „regem
149 794 330 879 suscepisse
354 794 485 878 bellum,
509 815 583 858 cum
605 793 709 858 nihilo
729 794 844 880 magis,
866 815 907 857 na
929 813 1026 876 quam

10 884 235 969 2suspicionem
266 883 316 947 illi
347 883 518 967 praeberet
548 882 758 966 insidiarum,
793 903 897 965 nequa
930 881 1027 945 collo·

33 973 131 1054 quium
150 973 219 1038 eius
237 971 356 1056 petivit
369 992 472 1054 nequa
491 971 526 1034 in
540 974 751 1055 conspectum
765 971 873 1034 venire
893 969 1027 1033 studuit.

34 1061 70 1126 sie
85 1062 200 1125 absens
220 1059 398 1125 amicitiam
416 1060 560 1144 gerebat,
578 1064 616 1122 ut
629 1080 696 1123 non
709 1058 876 1124 beneficiis
895 1057 1028 1139 mutuis,

10 1149 78 1223 ¹‚sed
98 1148 260 1213 communi
279 1147 362 1232 odio,
385 1147 472 1230 quod
490 1167 569 1232 erga
587 1167 697 1233 regem
716 1151 934 1230 susceperant,
956 1167 1028 1210 con·

22 1237 116 1302 =tineri
138 1237 333 1301 viderentur.

106 1324 145 1390 Id
167 1347 241 1389 cum
264 1324 345 1388 satis
364 1345 399 1388 se
418 1324 626 1389 confirmasse
646 1324 825 1388 arbitratus
844 1326 940 1405 esset,
963 1343 1028 1386 cer·
1040 1332 1076 1398 11

36 1412 136 1478 tiorcm
159 1413 240 1478 facit
256 1411 428 1496 Datamen,
451 1417 580 1495 tempus
600 1433 671 1476 esse
690 1412 831 1476 maiores
852 1431 900 1476 res
918 1410 1028 1493 parari

35 1505 58 1564 et
77 1502 198 1566 bellum
220 1522 294 1566 cum
316 1500 388 1584 ipso
412 1519 488 1585 rege
517 1500 652 1584 suscipi,
680 1500 782 1585 deque
806 1521 844 1564 ea
871 1520 919 1583 rc,
947 1498 976 1563 si
999 1498 1028 1561 ai

35 1589 190 1673 rideretur,
210 1609 273 1672 quo
293 1589 365 1652 loco
384 1587 491 1672 vellet,
510 1588 545 1651 in
563 1588 763 1671 colloquium
786 1587 920 1652 veniret.
956 1608 1029 1670 pro·

34 1672 97 1742 bata
125 1699 161 1741 re
192 1677 396 1760 colloquendi
428 1681 557 1759 tempus
590 1677 730 1740 sumitur
748 1677 930 1759 locusque,
964 1695 1028 1757 quo

32 1765 253 1831 conveniretur.
297 1765 361 1829 huc
383 1762 591 1828 Mithridates
616 1785 690 1828 cum
711 1786 791 1847 uno,
814 1765 867 1828 cui
889 1763 1064 1835 maximae

30 1847 162 1918 habebat
184 1853 289 1936 fidem,
312 1856 388 1917 ante
407 1853 534 1935 aliquot
551 1852 619 1916 dies
638 1852 727 1916 venit
744 1851 1029 1936 compluribusque

28 1934 99 2008 locis
127 1941 304 2025 separatim
331 1940 457 2026 gladios
485 1940 596 2004 obruit
622 1961 724 2023 eaque
754 1940 826 2004 loca
855 1938 1030 2023 diligenter

10 2028 122 2099 {notat
168 2031 239 2113 ipso
267 2033 377 2093 autem
404 2028 559 2112 colloquii
586 2027 637 2092 die
665 2029 808 2112 utrique,
837 2027 946 2091 locum
973 2025 1030 2108 qui

10 2119 227 2212 {explorarent
249 2121 346 2201 atque
369 2117 458 2202 ipsos
483 2120 718 2200 scrutarentur,
742 2116 893 2201 mittunt3
915 2114 1029 2179 deinde

21 2210 380 2360 lttssltlttttt·
394 2204 1064 2378 rtlesstttltttllptrtlttt³

22 2396 88 2446 mes
118 2381 263 2465 abesset,
289 2380 511 2466 Mithridates,
540 2381 730 2466 priusquam
754 2382 794 2447 ad
817 2402 895 2446 suos
921 2401 1030 2464 perve-

21 2471 115 2552 niret,
137 2491 178 2533 ne
197 2491 295 2553 quam
317 2470 535 2553 suspicionem
553 2474 692 2554 pareret,
714 2471 749 2534 in
767 2469 904 2534 eundem
922 2468 1030 2532 locum

21 2558 196 2623 revertitur
218 2562 315 2641 atque
338 2558 395 2640 ibi,
417 2558 474 2622 ubi
498 2558 599 2621 telum
619 2561 689 2622 erat
710 2557 879 2642 infossum,
902 2559 1030 2643 resedit,

21 2650 58 2709 ut
80 2645 111 2710 si
132 2646 324 2711 lassitudine
347 2651 480 2729 cuperet
504 2645 715 2729 acquiescere,
737 2646 964 2730 Datamenque
984 2669 1031 2712 re-

20 2733 164 2816 vocavit,
191 2734 346 2798 simulans
376 2755 409 2798 se
438 2733 591 2817 quiddam
614 2733 648 2797 in
671 2734 832 2818 colloquio
857 2757 927 2800 esse
952 2737 1031 2801 obli·

19 2821 101 2888 tum.
147 2822 278 2886 interim
301 2823 412 2905 telum,
435 2821 521 2905 quod
543 2822 677 2906 latebat,
700 2823 840 2905 protulit
861 2825 1066 2890 nudatum-4

18 2927 83 2993 que
108 2911 226 2995 vagina
248 2914 338 2975 vesta
361 2910 445 2974 texit
467 2932 505 2974 ac
527 2908 661 2973 Datami
684 2911 825 2975 venienti
849 2913 905 2994 ait,
927 2912 1031 2998 digre-

17 2994 164 3092 dientem
193 3019 227 3062 se
250 2998 517 3063 animadvertisse
541 2998 649 3062 locum
673 2999 846 3082 quendam,
877 3001 933 3083 qui
960 3005 1031 3065 erat

17 3099 54 3152 ln
77 3090 264 3170 conspectu,
287 3087 327 3150 ad
351 3090 459 3152 castra
481 3086 630 3170 ponenda
648 3106 718 3150 esse
737 3086 897 3152 idoneum.
935 3106 1065 3173 quomo

17 3191 96 3239 cum
123 3173 228 3259 digito
256 3175 495 3239 demonstraret
517 3178 552 3238 et
579 3173 634 3237 ille
662 3175 851 3258 respiceret,
881 3198 1031 3242 aversum

15 3257 108 3327 ferro
132 3262 297 3327 transfixit
319 3264 487 3347 priusque,
510 3281 609 3345 quam
633 3262 804 3345 quisquam
827 3269 939 3346 posset
962 3286 1030 3329 suc-

14 3368 163 3434 currere,
190 3350 363 3416 interfecit.
408 3350 457 3413 ita
479 3349 534 3414 ille
557 3351 621 3431 vir,
651 3351 708 3432 qui
735 3351 856 3416 multos
885 3352 1030 3434 consilio,

11 3436 185 3504 neminem
203 3439 338 3523 perfidia
356 3442 495 3522 ceperat,
514 3437 668 3502 simulata
683 3442 797 3522 captus
812 3443 862 3503 est
876 3438 1029 3502 amicitia.
