2324 4020
146 193 189 256 24
443 189 503 246 VII.
522 189 746 246 ALCIBIADES.
775 197 852 245 1-3.

109 353 124 401 s
145 341 242 421 atque
261 335 429 418 orationis,
446 339 485 399 ut
502 356 598 399 nemo
617 334 648 398 ei
665 339 778 418 posset
796 334 961 418 resistere;
983 356 1059 400 cum
1077 339 1147 400 tem·

144 446 206 510 pus
229 427 387 508 posceret,
410 422 602 506 laboriosus,
624 422 766 506 patiens;
788 422 943 505 liberalis,
965 423 1145 506 splendidus

144 534 210 577 non
229 512 336 576 minus
355 512 390 575 in
408 510 478 574 vita
496 531 594 594 quam
611 509 715 594 victu,
738 509 887 593 affabilis,
909 510 1058 600 blandus,
1075 516 1145 575 tem·

144 600 279 683 poribus
312 598 521 663 callidissime
554 597 711 662 serviens:
747 597 846 681 idem,
878 598 1014 663 simulac
1047 619 1081 663 se
1106 617 1144 663 re

144 688 279 751 miserat
309 707 414 770 neque
446 705 544 750 causa
575 685 708 748 suberat
740 706 839 768 quare
871 673 971 749 animi
1006 686 1143 750 laborem

112 789 114 796 '
143 774 317 859 perferret,
349 773 548 856 luxuriosus,
577 772 769 856 dissolutus,
800 772 1007 858 libidinosus,
1039 774 1142 838 intem·

144 883 262 946 perans
292 861 527 944 reperiebatur,
554 864 592 925 ut
619 882 730 924 omnes
759 860 996 925 admirarentur
1027 861 1062 925 in
1087 880 1142 926 uno

144 950 275 1013 homine
293 952 420 1013 tantam
439 970 509 1013 esse
528 947 827 1013 dissimilitudinem
845 952 976 1032 tamque
992 948 1143 1019 diversam

144 1041 305 1103 naturam.
1122 1038 1125 1043 ’

232 1123 399 1190 Educatus
418 1129 470 1190 est
486 1125 521 1189 in
540 1125 636 1190 domo
650 1124 768 1190 Pericli
783 1121 965 1234 (privignus
980 1125 1067 1190 enim
1083 1125 1142 1189 eius

143 1213 244 1279 fuisse
272 1211 421 1299 dicitur),
452 1213 597 1278 eruditus
627 1234 646 1276 a
674 1210 817 1278 Socrate.
862 1233 1009 1278 socerum
1036 1212 1145 1277 habat

143 1300 377 1386 Hipponicum,
410 1301 555 1365 omnium
583 1298 707 1366 Graeca
737 1300 849 1386 lingua
877 1300 1081 1384 loquentium
1107 1298 1147 1375 (lit

116 1388 120 1414 ⁸
144 1389 317 1473 tissimum,
340 1393 386 1472 ut,
409 1389 438 1453 si
459 1389 530 1472 ipse
552 1388 674 1474 fingere
697 1389 805 1471 vellet,
827 1408 931 1472 neque
953 1389 1049 1472 plura
1066 1388 1154 1461 bons,

145 1476 292 1562 eminisci
314 1497 418 1558 neque
441 1475 565 1539 maiora
587 1479 699 1559 posset
723 1476 886 1559 consequi,
909 1497 1007 1559 quam
1029 1475 1082 1541 vel
1107 1504 1126 1531 ιτ

110 1580 126 1629 2
145 1568 219 1628 tura
232 1564 284 1628 vel
298 1561 430 1628 fortuna
444 1563 614 1627 tribuerat.
642 1563 772 1627 ineunte
788 1563 1006 1628 adulescentia
1025 1566 1123 1628 amat
1151 1619 1154 1622 .

144 1655 196 1716 est
223 1673 243 1716 a
270 1650 383 1716 multis
411 1671 500 1715 mora
526 1649 736 1734 Graecorum,
763 1651 798 1716 in
825 1652 871 1715 eis
896 1673 915 1715 a
939 1649 1087 1734 Socrate,
1112 1649 1138 1714 d>

144 1761 209 1822 quo
228 1739 427 1804 mentionem
445 1738 526 1804 facit
543 1737 639 1803 Plato
657 1738 692 1803 in
711 1739 885 1822 symposio.
920 1760 1061 1823 namque
1080 1756 1147 1803 eum

105 1884 116 1902 ,
143 1827 271 1892 induxit
294 1830 602 1892 commemorantem
626 1847 660 1890 sa
689 1829 897 1911 pernoctasse
921 1848 995 1891 oum
1019 1825 1151 1892 Socrate·

109 1886 252 2068 iiiiii
271 1914 710 2087 ltttdquttttr
731 1914 922 2066 ratila?
944 1913 1147 2066 lllltlt

253 2052 260 2068 ⁸
288 2055 293 2063 '
919 2053 928 2085 7

144 2092 265 2155 multos
287 2091 424 2173 amavit,
453 2091 648 2173 inquorum
672 2111 795 2173 amore,
822 2090 928 2173 quoad
950 2089 1079 2155 licitum
1107 2118 1127 2143 π

120 2181 129 2219 l
145 2177 265 2260 odiosa,
284 2178 392 2241 multa
402 2177 539 2242 delicate
553 2178 724 2268 iocoseque
738 2176 829 2242 fecit:
854 2198 935 2261 quae
950 2176 1145 2264 referremus,

142 2264 207 2328 nisi
230 2264 354 2330 maiora
376 2265 506 2348 potiora
527 2264 728 2329 haberemus.
1139 2276 1145 2289 ⁴

108 2352 129 2416 3
231 2351 325 2417 Bello
348 2351 584 2435 Peloponnesio
613 2352 709 2416 huius
733 2352 869 2417 oonsilio
893 2355 990 2436 atque
1015 2348 1142 2418 auctori·

10 2439 29 2475 ¹²⁹
144 2444 212 2504 tate
241 2440 457 2505 Athenienses
487 2440 610 2504 bellum
638 2438 851 2522 Syracusanis
880 2439 1075 2529 indirerunt
1110 2435 1162 2536 ud,

145 2528 230 2612 quod
252 2529 430 2614 gerendum
452 2528 522 2611 ipse
545 2528 610 2593 dux
632 2528 775 2592 delectus
799 2531 864 2612 est,
892 2527 956 2592 duo
983 2531 1162 2611 praetere·

82 2604 125 2679 ‘a
144 2615 287 2701 collegae
306 2617 384 2700 dati,
402 2614 590 2716 NiQtL
612 2614 755 2679 machus.
786 2615 820 2679 id
838 2618 1139 2699 cum-appararet„
1160 2607 1162 2626 ⁴

143 2703 235 2786 prius
260 2724 358 2786 quam
380 2704 494 2768 class1s
518 2703 603 2768 exire
620 2753 629 2787 ,
652 2701 770 2767 accidit
778 2706 826 2766 ut
843 2724 908 2767 una
924 2706 1021 2768 nocte
1041 2724 1086 2767 oo
1102 2724 1139 2758 ιν

144 2789 301 2874 Hermae,
334 2790 390 2873 qui
420 2791 456 2855 in
475 2791 615 2892 ‘oppido’
639 2793 732 2855 erant
763 2789 919 2873 Athenis,
950 2789 1098 2891 deiceren
1118 2814 1128 2841 η
1159 2840 1162 2892 ,

109 2881 744 3048 ,tilettstutttttt‘ntttl
758 2876 1162 3049 elllrffillllllml

143 3075 217 3118 cum
240 3056 412 3136 appareret
433 3074 500 3118 non
520 3053 589 3118 sine
609 3074 727 3139 magna
741 3053 923 3132 multorum
941 3051 1143 3117 consensio

144 3162 214 3206 esse
237 3139 370 3225 factum,
394 3162 476 3225 quas
498 3162 565 3207 non
587 3141 627 3205 ad
649 3141 821 3224 privatam,
846 3140 902 3205 sed
924 3140 965 3205 ad
987 3140 1162 3223 publicas,

143 3250 213 3292 rem
230 3229 417 3314 pertineret,
440 3248 578 3314 magnus
597 3228 799 3292 multitudini
817 3227 918 3292 timor
935 3231 987 3292 est
1004 3227 1104 3292 iniect

142 3338 183 3380 ne
208 3337 271 3400 qua
293 3317 464 3402 repentina
481 3317 530 3380 vis
549 3316 584 3380 in
602 3316 734 3380 civitate
753 3315 934 3398 exsisteret,
956 3336 1039 3397 quas
1057 3315 1140 3380 libor·

107 3408 246 3468 etatem
274 3405 474 3489 opprimeret
499 3403 621 3487 populi.
665 3403 727 3467 hoc
755 3404 893 3467 maxime
921 3402 1092 3491 convenire
1115 3399 1140 3465 i!

67 3474 347 3557 *dlcibiadem
361 3491 540 3573 videbatur,
559 3491 646 3574 quod
659 3494 693 3559 et
710 3490 876 3575 potentior
890 3493 923 3554 et
937 3489 1042 3554 maior
1055 3504 1142 3575 quan

10 1092 130 1191 &⁸¹2
