2324 4020
118 214 161 278 66
409 212 494 267 XVII.
513 211 722 269 AGESILAUS.
751 223 775 267 2.
796 221 820 268 ³.

82 357 102 422 2
204 357 268 422 Hic
304 357 500 441 simulatque
536 357 665 441 imperii
701 358 827 440 pct'tus
860 361 926 442 est,
962 378 1035 441 pers

116 445 380 511 Lacedaemoniis
403 450 440 510 ut
463 465 532 508 cam
555 445 698 509 exercitu
718 467 752 510 se
771 445 943 509 mitterent
961 443 1034 510 inl

116 534 302 616 bellumque
330 533 400 618 regi
427 532 584 615 facerent,
615 532 732 598 docens
760 533 864 597 satius
893 554 964 597 esse
986 532 1019 596 in

117 643 215 706 quam
233 621 268 685 in
281 620 413 703 Europa
431 620 586 685 dimicari.
620 642 759 704 namque
781 619 870 684 fama
892 621 1035 684 exieratr

117 731 236 774 xerxen
259 729 446 792 comparare
469 708 588 772 classes
607 708 835 791 pedestresque
855 709 1023 790 exercitus,

83 810 98 859 2
117 797 152 861 in
171 796 341 861 Graeciam
363 796 519 859 mitteret.
555 796 632 859 data
653 800 818 879 potestate
841 800 936 860 tanta
959 797 1035 860 celer

117 906 196 949 usus
224 887 288 967 est,
319 887 358 948 ut
386 883 476 966 prius
504 885 538 946 in
560 882 675 947 Asiam
703 905 775 949 cum
803 884 905 968 copiis
934 905 1035 967 perver

119 993 216 1056 quam
230 971 312 1056 regii
326 974 475 1054 satrapae
490 992 563 1035 eum
578 971 698 1035 scirent
711 972 902 1054 profectum.
923 993 986 1054 quo
1001 971 1034 1035 fa

82 1075 98 1122 3
118 1064 169 1123 cst
191 1063 229 1123 ut
247 1081 358 1124 omnes
376 1059 555 1143 imparatos
573 1059 857 1143 imprudentesque
876 1057 1035 1124 offendere

116 1152 155 1213 ut
174 1147 327 1232 cognovit
342 1146 583 1231 Tissaphernes,
608 1147 663 1229 qui
682 1169 844 1211 summum
862 1147 1035 1231 imperium

117 1236 203 1299 inter
224 1234 406 1320 praefectos
429 1235 573 1299 habebat
595 1235 712 1319 regios,
734 1235 875 1299 indutias
895 1234 1035 1299 aLaeon

117 1324 204 1408 tivit,
227 1323 384 1388 simulans
404 1344 437 1387 se
457 1322 532 1386 dare
552 1343 693 1407 operam,
715 1327 753 1387 ut
766 1321 1032 1387 Lacedaemoniis

118 1432 193 1496 rege
213 1412 408 1494 conveniret,
427 1432 461 1474 re
481 1414 590 1474 autem
603 1431 679 1473 vera
697 1410 738 1474 ad
756 1411 866 1494 copias
881 1432 1035 1493 compara

82 1512 100 1560 4
119 1520 236 1580 easque
259 1498 448 1582 impetravit
470 1498 683 1562 trimenstres.
717 1498 837 1562 iuravit
856 1503 966 1562 autem
989 1502 1035 1562 ut<

118 1607 152 1650 se
177 1586 246 1649 sine
269 1586 343 1651 dolo
366 1585 508 1649 indutias
528 1589 802 1650 conservaturum.
839 1587 872 1649 in
892 1608 956 1668 qua
974 1607 1034 1668 pac

118 1694 245 1738 summa
267 1673 329 1738 fide
352 1674 473 1736 mansit
492 1672 677 1759 AgesilauS,
701 1678 814 1737 contra
837 1695 874 1738 ea
890 1673 1035 1756 Tissaph

82 1760 200 1824 anihil
224 1761 310 1825 aliud
330 1783 427 1844 quam
447 1760 570 1825 bellum
584 1762 792 1845 comparavit.
828 1761 861 1824 id
880 1761 943 1825 etsi
963 1765 1035 1825 sent

118 1847 218 1932 Laco,
247 1853 358 1913 tamen
383 1848 605 1913 iusiurandum
629 1849 780 1913 servabat
802 1850 1007 1932 multumque
1030 1849 1035 1911 i

118 1958 152 2001 se
176 1937 329 2022 consequi
357 1936 499 2020 dicebat,
527 1937 612 2019 qnod
634 1936 866 2020 Tissaphernes
893 1936 1035 2020 periurio

117 2029 151 2089 et
171 2025 320 2089 homines
344 2024 411 2088 suis
434 2025 531 2089 rebus
555 2025 753 2089 abalienaret
776 2029 810 2089 et
833 2025 909 2089 deos
934 2025 999 2088 sibi
1022 2025 1035 2087 i:

117 2112 280 2195 redderet,
312 2133 346 2176 se
379 2116 488 2176 autem
520 2116 711 2176 conservata
742 2112 899 2198 religione
932 2113 1034 2177 confir

118 2200 309 2282 exercitum,
341 2221 415 2263 cum
447 2199 717 2264 animadverteret
748 2200 844 2264 deum
870 2222 992 2264 numen
1019 2200 1035 2263 t

118 2307 237 2370 secum,
259 2287 470 2368 hominesque
494 2287 558 2351 sibi
581 2288 752 2352 conciliare
776 2288 955 2371 amiciores,
979 2310 1035 2371 quc

118 2375 248 2440 studere
276 2378 499 2457 consuessent,
528 2396 608 2457 quos
636 2397 826 2440 conservare
849 2376 946 2439 fidem
969 2376 1035 2439 vide

82 2461 102 2524 3
204 2462 385 2546 Postquam
417 2463 616 2527 indutiarum
647 2464 817 2547 praeteriit
848 2463 932 2546 dies,
963 2463 1035 2527 barl

115 2573 182 2615 non
204 2551 366 2634 dubitans,
390 2550 474 2634 quod
498 2551 601 2636 ipsius
625 2557 717 2615 erant
739 2552 880 2636 plurima
903 2551 1033 2616 domicil

117 2636 213 2704 Caria
235 2642 269 2702 et
291 2660 329 2702 ea
351 2638 441 2722 regio
465 2638 504 2702 iis
529 2639 730 2722 temporibus
754 2640 857 2703 multo
880 2639 1035 2722 putabatu

117 2725 348 2808 cupletissima,
371 2747 408 2790 eo
431 2725 639 2809 potissimum
661 2726 773 2791 hostes
792 2728 950 2810 impetum
970 2725 1035 2791 fact

82 2826 228 2877 somnes
261 2833 335 2877 suas
364 2813 473 2896 copias
501 2835 539 2878 eo
567 2818 781 2879 contraxerat.
826 2819 861 2879 at
888 2813 1035 2901 Agesilai

116 2898 293 2984 Phrygiam
317 2921 351 2964 se
375 2901 535 2965 convertit
558 2923 692 2986 eamque
715 2904 805 2986 prius
828 2902 1035 2987 depopulatur

117 3007 214 3069 quam
228 2987 460 3071 Tissaphemes
479 3010 617 3072 usquam
631 3011 665 3054 se
680 2994 832 3055 moveret.
864 3012 984 3076 magna
1003 3014 1035 3075 pr

116 3074 275 3138 militibus
308 3076 516 3159 locupletatis
543 3076 710 3161 Ephesum
736 3078 916 3142 hiematum
943 3100 1035 3143 exerc

116 3162 243 3225 reduxit
266 3166 364 3245 atque
388 3163 434 3226 ibi
458 3163 596 3228 officinis
620 3187 784 3229 armorum
812 3165 957 3229 instituti
1004 3189 1035 3230 m

115 3248 276 3314 industria
304 3250 427 3314 bellum
451 3252 628 3335 apparavit.
674 3257 707 3316 et
730 3274 792 3336 quo
817 3253 996 3318 studiosius
1020 3277 1035 3317 a

114 3341 226 3402 rentur
262 3337 484 3423 insigniusque
517 3344 726 3423 ornarentur,
761 3341 905 3423 praemia
940 3363 1035 3426 prop(

115 3425 232 3507 quibus
260 3425 470 3509 donarentur,
499 3446 636 3509 quorum
663 3427 793 3512 egregia
820 3430 854 3491 in
877 3449 915 3491 ea
942 3449 978 3492 re
1005 3430 1035 3494 fu

79 3510 283 3577 sindustria.
319 3512 397 3577 fecit
415 3513 501 3577 idem
523 3514 558 3576 in
582 3515 847 3579 exercitationum
870 3517 1035 3599 generibus
