2324 4020
115 221 158 286 92
406 217 506 274 XXIII.
525 216 723 272 HANNIBAL.
752 222 830 272 5-7.

115 364 256 430 sustulit.
280 362 324 428 M.
339 361 511 429 Claudium
524 360 724 444 Marcellum,
739 361 932 444 quinquiens
948 383 1045 427 consu

80 453 199 536 eapud
231 450 410 516 Venusiam
440 450 512 534 pari
544 449 639 514 modo
677 448 849 513 interfecit.
903 450 1042 536 longum

115 540 225 605 omnia
247 559 434 605 enumerare
456 537 588 621 proelia.
624 558 723 688 quare
745 536 808 601 hoo
831 559 932 601 unum
956 539 1038 602 satis

115 628 251 710 dictum,
279 648 319 691 ex
346 646 410 709 quo
438 625 586 711 intellegi
612 625 732 724 possit,
762 628 903 725 quantus
927 626 984 690 ille
1012 625 1045 690 fu

116 678 301 799 quamdiu
291 735 327 778 m
349 711 448 778 Italia
469 713 542 795 fuit,
564 733 659 776 nemo
683 712 712 776 ei
731 712 766 775 in
784 713 852 776 acie
871 712 1007 797 restitit,
1028 736 1045 778 n

116 803 268 867 adversus
305 822 380 865 eum
415 805 492 884 post
524 798 726 865 Cannensem
762 820 906 884 pugnam
942 802 978 865 in
1009 823 1045 866 ea

116 895 224 955 eastra
246 889 373 988 posuit.

82 979 101 1041 6
203 975 317 1042 Hinc
309 975 410 1041 mviot
410 997 448 1040 us
467 975 609 1058 patriam
627 975 794 1039 defensum
812 980 983 1041 revocatus
1001 978 1045 1042 be]

118 1066 221 1150 gessit
248 1065 401 1129 adversus
429 1060 465 1127 P.
490 1061 688 1148 Scipionem,
724 1063 829 1127 filium
862 1065 930 1128 eius
963 1064 1045 1148 Sceps

118 1174 214 1236 quem
228 1152 297 1236 ipse
310 1151 416 1234 primo
431 1151 517 1234 apud
530 1150 734 1234 Rhodanum,
752 1151 872 1216 iterum
891 1154 977 1235 apud
990 1153 1045 1217 Par

83 1262 99 1308 a
118 1241 217 1305 tertio
241 1240 327 1323 apud
344 1238 496 1304 Trebiam
518 1238 658 1324 fugarat.
695 1259 769 1303 oum
792 1239 855 1305 hoo
873 1240 1040 1306 exhaustis

118 1329 243 1412 patriae
274 1327 487 1392 facultatibus
515 1327 638 1410 cupivit
669 1327 973 1410 impraesentiarum
1003 1330 1045 1393 be

119 1437 320 1498 componere,
344 1437 407 1498 quo
431 1414 591 1479 valentior
614 1418 729 1496 postea
752 1416 1010 1499 congrederetur.

85 1525 101 1572 a
120 1503 319 1586 colloquium
334 1502 493 1584 convenit,
507 1502 712 1567 condiciones
724 1524 790 1567 non
800 1509 1027 1569 convenerrmt

119 1591 153 1655 id
175 1589 299 1654 factum
317 1590 429 1673 paucis
449 1589 561 1654 diebus
581 1591 666 1672 apud
680 1589 813 1654 Zamam
832 1612 905 1655 cum
924 1593 1037 1657 eodem

120 1678 218 1761 flixit3
240 1676 354 1760 pulsus
373 1674 576 1763 (incredibile
595 1674 697 1763 dictu)
717 1678 815 1742 biduo
831 1683 865 1743 et
883 1679 1045 1744 duabusn

121 1766 181 1830 bus
204 1763 442 1829 Hadrumetum
464 1765 626 1849 pervenit,
657 1766 742 1849 quod
766 1767 860 1829 abest
883 1768 923 1830 ab
948 1767 1045 1831 Zama

87 1853 203 1920 ociter
226 1853 317 1917 milia
338 1874 495 1936 passuum
518 1856 673 1918 trecenta.
709 1853 744 1917 in
768 1853 830 1918 hac
857 1854 936 1938 fuga
959 1854 1045 1919 Num

122 1941 178 2025 qui
201 1941 297 2005 simul
321 1962 394 2006 cum
417 1962 455 2005 eo
479 1962 518 2005 ex
540 1942 608 2006 acie
632 1945 849 2025 excesserant,
878 1943 1026 2008 insidiati

122 2029 165 2112 ei,
189 2050 269 2113 quos
291 2049 358 2093 non
380 2029 486 2093 solum
509 2028 633 2114 effugit,
656 2029 712 2093 sed
730 2029 830 2093 etiam
848 2029 937 2113 ipsos
957 2053 1045 2115 opprr

121 2115 316 2217 Hadrumeti
338 2116 482 2199 reliquos
505 2138 523 2179 e
550 2116 629 2201 fuga
656 2117 803 2216 collegit,
833 2118 927 2182 novis
956 2119 1045 2184 dilect

89 2203 723 2373 lpaumlsluhieirimapilqilaliiuhdddodddiiiide
742 2297 830 2357 esset
846 2298 1031 2378 occupatus,

125 2378 347 2464 theginienses
371 2378 494 2443 bellum
517 2401 591 2444 cum
604 2378 762 2444 Romanis
782 2387 1042 2464 composuerunt.

123 2466 226 2531 nihilo
251 2467 352 2531 setius
371 2466 532 2531 exercitui
545 2471 661 2551 postea
678 2467 820 2552 praefuit
836 2491 951 2552 resque
969 2469 1045 2534 ind

124 2555 227 2640 gessit
255 2555 411 2639 [itemque
433 2541 532 2640 Mago
560 2555 662 2619 frater
689 2556 771 2638 eius]
803 2578 905 2657 usque
933 2558 974 2622 sd
1002 2557 1037 2621 P

91 2660 105 2708 a
124 2641 298 2727 p1crumO
312 2641 482 2707 Aurelium
505 2643 663 2708 eonsules
697 2643 750 2708 his
773 2645 859 2708 enim
882 2645 1004 2729 magist
1005 2667 1045 2710 ra

125 2730 226 2815 legati
248 2728 538 2816 Karthaginienses
561 2729 702 2796 Romam
724 2736 894 2816 venerunt,
924 2733 981 2815 qui
1005 2755 1045 2798 ser

125 2818 310 2902 populoque
341 2817 489 2883 Romano
522 2819 646 2904 gratias
679 2823 830 2904 agerent,
866 2783 952 2904 qirod
985 2842 1045 2885 cun

125 2926 239 2989 paoem
269 2904 436 2989 fecissent,
470 2905 512 2970 ob
540 2927 676 2989 eamque
703 2928 772 2971 rem
800 2929 919 2973 corona
951 2930 1045 2974 aurea

127 2993 285 3057 donarent
312 2993 471 3076 simulque
501 2997 664 3078 peterent,
695 2998 733 3059 nt
760 2996 890 3061 obsides
917 3017 1031 3061 eorum

92 3080 221 3166 egellis
250 3084 358 3145 essent
386 3081 570 3165 captivique
599 3082 770 3147 redderent
756 3087 818 3148 tur.
862 3083 914 3148 his
939 3105 978 3148 ex
1002 3106 1045 3149 ser

128 3169 275 3233 consulto
307 3189 499 3253 responsum
530 3173 594 3234 est:
627 3191 743 3235 munus
776 3192 889 3236 eorum
920 3174 1045 3257 gratum

127 3261 319 3358 ceptumque
343 3278 427 3341 esse3
450 3256 593 3341 obsides,
617 3279 680 3340 quo
705 3258 777 3322 loco
800 3263 1044 3345 rogarent,t
992 3259 1044 3324 fut

128 3344 273 3428 captivos
286 3367 353 3412 non
366 3307 581 3445 remissuros,·
590 3346 693 3446 quod·
689 3344 916 3431 Hannibalem,
931 3348 1024 3413 ouius
1038 3372 1045 3412 ι

128 3435 314 3516 susceptum
327 3432 450 3499 bellum
463 3431 833 3516 foret,1nimicissimum
842 3434 967 3502 nemim
958 3434 1045 3501 Ror

128 3520 306 3584 etiamnum
325 3541 398 3584 cum
416 3520 552 3605 imperio
572 3521 657 3604 apud
676 3524 796 3588 exeroIt
798 3546 852 3587 um
870 3523 1033 3588 haberent
