2324 4020
56 244 62 253 ·
131 218 173 280 10
407 215 441 270 Il.
461 213 745 270 THEMISTOGLES.
771 220 851 268 4-6.

131 371 370 445 oppressurum.
410 358 474 423 hoc
497 381 534 424 eo
557 359 697 442 valebat,
719 362 757 423 ut
779 358 932 443 ingratiis
956 358 996 422 ad
1020 357 1158 445 depug-

95 449 272 514 5nandum
300 468 411 512 omnes
436 451 635 534 cogerentur.
680 447 742 511 hac
768 468 803 510 re
831 445 943 511 audita
969 446 1140 529 barbarus,

129 537 213 601 nihil
239 537 306 600 doli
334 535 467 599 subesse
495 535 640 618 credens,
669 533 827 618 postridie
850 533 1052 599 alienissimo
1076 533 1138 598 sibi

130 625 217 708 loco,
250 627 364 689 contra
393 622 670 706 opportunissimo
702 620 853 687 hostibus
886 621 964 686 adeo
997 625 1138 706 augusto

111 713 214 790 ,mari
233 711 388 793 conflixit,
410 714 448 773 ut
467 710 535 774 eius
554 709 730 774 multitudo
749 710 881 774 navium
899 708 1055 792 explicari
1073 730 1130 774 no

130 800 283 884 potuerit.
328 799 434 862 victus
463 818 540 883 ergo
568 801 619 861 est
646 798 750 883 magis
774 797 875 862 etiam
898 796 1034 861 consilio
1057 796 1124 862 Th:

131 887 275 951 mistoeli
298 906 396 969 quam
420 885 519 949 armis
544 883 706 950 Graeciae.
1008 949 1011 956 ,

23 1013 29 1027 .
90 975 112 1040 5
218 973 282 1038 Hic
305 973 368 1037 etsi
390 973 475 1037 male
498 994 567 1038 rem
590 977 752 1059 gesserat,
775 977 886 1038 tamen
908 976 1018 1039 tantas
1041 972 1138 1037 hab

130 1063 189 1127 bat
220 1061 374 1144 reliquias
402 1061 582 1145 copiarum,
614 1064 653 1125 ut
682 1062 854 1125 etiamtum
882 1060 924 1124 iis
955 1059 1131 1144 opprime

16 1192 36 1236 χ
130 1154 244 1234 posset
269 1149 397 1213 hostes:
424 1149 544 1213 iterum
571 1148 612 1212 ab
641 1149 754 1214 codem
777 1149 880 1234 gradu
902 1148 1055 1232 depulsus
1080 1170 1125 1214 es

130 1259 207 1302 nam
225 1237 470 1321 Themistocles,
492 1258 606 1301 verens
624 1258 665 1301 ne
683 1237 804 1301 bellare
820 1240 1051 1320 perseveraret,
1075 1257 1111 1301 ce

131 1328 249 1391 tiorem
268 1321 342 1390 eum
364 1325 443 1390 fecit
465 1325 499 1388 id
518 1325 580 1410 agi,
603 1328 641 1389 ut
658 1346 751 1409 pons,
774 1346 871 1408 quem
888 1324 943 1388 ille
961 1324 997 1387 in
1014 1322 1138 1388 Hell⁴

130 1418 232 1498 ponto
259 1413 395 1495 fecerat,
423 1412 654 1477 dissolveretur
684 1412 855 1476 acreditu
882 1412 922 1476 in·
944 1410 1061 1476 Asiam
1089 1433 1137 1477 ex

96 1517 113 1565 2
132 1501 324 1582 cluderetur,
341 1499 438 1582 idque
457 1499 487 1562 ei
504 1499 676 1582 persuasit.
699 1501 811 1583 itaque
825 1522 889 1583 qua
903 1520 959 1564 sex
972 1498 1148 1572 mensibus

130 1589 195 1652 iter
216 1588 356 1670 fecerat,
384 1587 495 1650 eadem
523 1586 629 1650 minus
657 1583 770 1651 diebus
798 1588 936 1673 triginta
962 1587 998 1650 in
1024 1587 1096 1653 As‘
1114 1618 1138 1646 ¹·

67 1690 71 1696 ’
132 1697 279 1740 reversus
302 1679 354 1739 est
377 1696 474 1757 seque
494 1696 513 1738 a
531 1674 750 1739 Themistocle
772 1697 839 1739 non
862 1672 1060 1759 superatum,
1089 1688 1135 1731 ωε

97 1780 112 1828 3
132 1768 358 1829 conservatum
371 1762 535 1827 iudicavit.
560 1763 611 1827 sic
626 1763 722 1827 unius
736 1763 798 1826 viri
815 1763 988 1846 prudentia
1003 1761 1088 1828 Grae
1159 1791 1162 1854 l

130 1853 270 1917 liberata
293 1855 343 1915 est
366 1849 580 1934 Europaeque
611 1851 781 1923 succubuit
803 1850 892 1916 Asia.
932 1850 1013 1915 haec
1036 1852 1102 1916 alte
1159 1865 1162 1874 ’

131 1941 284 2024 victoria,
307 1960 388 2022 quac
412 1960 491 2017 cum,
508 1938 715 2003 Marathonio
738 1939 845 2022 possit
868 1940 1051 2021 comparari
1074 1943 1133 2003 et
1157 1916 1162 1966 ¹

62 2055 71 2071 ·
130 2050 221 2111 paco.
262 2049 339 2092 nam
364 2027 436 2110 pari
464 2027 560 2091 modo
584 2027 669 2110 apud
693 2024 858 2090 Salamina
879 2047 980 2110 parvo
1002 2048 1124 2092 nume
1155 2001 1162 2055 Ι

122 2116 262 2179 narium
285 2115 426 2178 maxima
449 2118 526 2197 post
548 2114 717 2179 hominum
740 2113 931 2178 memoriam
954 2114 1069 2180 classis
1087 2091 1162 2232 ev:

133 2203 269 2266 devicta.

79 2291 112 2360 ,6
220 2288 359 2374 Magnus
381 2288 444 2353 hoc
466 2289 553 2352 bello
572 2289 808 2355 Themistocles
822 2290 892 2354 'fuit
909 2311 1013 2373 neque
1032 2290 1128 2355 mino
1154 2266 1162 2412 Ι

115 2378 165 2441 in
195 2391 284 2461 pace.
329 2397 403 2441 cum
435 2377 521 2441 enim
550 2375 719 2442 Phalerico
751 2381 850 2462 portu
881 2399 985 2461 neque
1017 2384 1133 2464 magns

130 2487 234 2549 neque
256 2466 342 2530 bono
361 2464 578 2530 Athenienses
600 2468 777 2549 uterentur,
800 2465 896 2530 huius
919 2465 1056 2530 consilio
1080 2463 1121 2529 t'

130 2554 206 2636 plex
232 2553 340 2618 Piraei
370 2557 485 2636 portus
518 2552 716 2619 constitutus
748 2557 799 2618 est
830 2553 935 2636 iisque
967 2553 1097 2618 moenib

131 2641 362 2724 circumdatus,
388 2645 426 2705 ut
452 2641 558 2724 ipsam
585 2641 699 2706 urbem
721 2641 881 2726 dignitate
904 2641 1119 2725 aequiperare

95 2746 111 2792 a
130 2728 274 2793 utilitate
293 2733 469 2812 superaret.
492 2729 578 2792 idem
596 2751 706 2795 muros
724 2728 973 2793 Atheniensium
991 2729 1072 2794 resti
1095 2722 1128 2784 ‚⁹
1160 2786 1162 2792 .

129 2817 304 2901 praecipuo
334 2837 392 2881 suo
420 2817 572 2900 periculo.
621 2838 761 2901 namque
791 2815 1039 2882 Lacedaemonii
1066 2839 1122 2882 car1
1154 2793 1162 2850 l

1153 2703 1162 2761 l

131 2925 201 2968 sam
212 2904 361 2969 idoneam
372 2905 461 2968 nacti
472 2908 607 2988 propter
618 2905 831 2969 barbarorum
845 2905 1059 2989 excursiones,
1074 2927 1095 2989 q
1154 2886 1162 2939 ¹

130 2996 288 3077 negarent
313 2996 463 3075 oportere
490 2996 582 3056 extra
608 2992 868 3076 Peloponnesum
894 2987 996 3058 ullam
1022 2994 1115 3058 urbe
1155 2971 1162 3042 ¹-

131 3101 240 3144 muros
259 3080 387 3163 habere,
404 3100 445 3144 ne
464 3084 574 3144 essent
590 3081 663 3146 loca
680 3081 815 3165 munita,
833 3102 915 3164 quae
933 3081 1046 3146 hostes
1063 3103 1133 3166 ρο,
1155 3059 1162 3144 l

130 3168 281 3250 siderent,
294 3167 511 3232 Athenienses
525 3168 730 3233 aedificantes
744 3168 916 3252 prohibere
931 3173 1008 3234 sunt
1018 3191 1101 3235 cona
1116 3166 1122 3181 '
1154 3144 1162 3200 ³

96 3270 111 3318 s
130 3255 193 3320 hoc
214 3255 311 3341 longe
330 3255 395 3320 alio
415 3256 584 3339 spectabat
603 3260 699 3339 atque
718 3256 820 3320 videri
838 3257 999 3321 volebant.
1036 3256 1120 3321 Ath
1156 3230 1162 3286 ¹

129 3343 257 3428 nienses
286 3343 373 3408 enim
405 3343 528 3408 duabus
558 3344 717 3426 victoriis,
748 3341 957 3408 Marathonia
987 3348 1020 3408 et
1048 3343 1124 3409 Sal
1157 3319 1162 3439 ξ

130 3431 239 3514 minia,
262 3435 389 3496 tantam
412 3431 551 3516 gloriam
574 3431 658 3514 apud
682 3451 793 3495 omnes
816 3436 930 3517 gentes
950 3436 1043 3496 erant
1064 3454 1124 3497 con
1159 3448 1161 3454 ‘

130 3519 246 3601 secuti,
278 3522 316 3582 ut
346 3518 574 3603 intellegerent
603 3516 850 3583 Lacedaemonii
880 3519 918 3583 de
949 3521 1124 3604 principat
1158 3498 1162 3547 Ι
