2324 4020
151 215 193 279 68
330 293 332 296 Ι
441 215 526 272 xvn.
544 214 754 274 rossanus.
781 225 860 274 r-c.

152 365 184 424 et
202 359 320 425 Boeoti
339 361 501 444 ceterique
524 382 636 425 eorum
660 361 740 427 socii
759 364 845 446 apud
859 361 1058 430 Coroneam:
1080 388 1156 451 quos

115 463 131 511 o
152 469 263 513 omnes
283 449 376 532 gravi
393 449 517 532 proelio
536 448 623 515 vicit.
658 449 754 514 huius
774 450 929 517 victoriae
947 453 999 517 vel
1019 455 1156 519 maximo

150 536 214 600 fuit
236 536 316 619 laus,
340 538 435 620 quod,
458 559 532 602 cum
554 536 699 620 plerique
723 559 762 602 ex
784 537 863 624 fuga
885 560 919 603 se
942 540 978 604 in
1000 542 1153 626 templum

150 623 315 706 Minervae
338 625 554 690 coniecissent
577 629 848 709 quaerereturque
872 627 913 691 ab
936 649 989 712 eo,
1018 629 1097 713 quid
1117 630 1151 694 iis

150 711 249 776 uellet
276 712 361 795 fieri,
388 713 451 776 etsi
474 712 600 796 aliquot
623 713 758 777 vulnera
780 719 950 796 acceperat
972 737 1012 780 eo
1036 717 1151 800 proelio

151 803 184 863 et
206 801 309 864 iratus
332 799 504 864 videbatur
527 799 686 884 omnibus,
710 801 767 884 qui
789 802 942 867 adversus
966 825 1059 868 arma
1080 805 1150 870 tule

151 890 238 970 rant,
270 890 381 950 tamen
409 887 563 952 antetulit
590 887 657 950 irae
689 887 882 973 religionem
909 894 943 954 et
970 912 1028 956 eos
1055 892 1148 958 vetuit

117 974 275 1039 ruiolari.
320 995 424 1058 neque
452 996 528 1039 vero
556 974 618 1039 hoc
646 974 752 1040 solum
779 976 815 1041 in
838 975 975 1042 Graecia
996 978 1089 1064 feeit,
1117 982 1148 1044 ut

151 1061 275 1145 templa
297 1062 430 1126 deorum
454 1066 566 1127 sancta
592 1061 742 1147 haberet,
770 1063 826 1128 scd
853 1065 953 1129 etiam
976 1068 1063 1150 apud
1088 1067 1160 1149 bar:

151 1151 248 1214 baros
272 1171 398 1215 summa
421 1150 578 1235 religione
602 1150 711 1215 omnia
734 1151 908 1217 simulacra
930 1175 1068 1237 arasque
1087 1176 1147 1221 cou-

117 1253 133 1303 Β
153 1238 303 1304 servavit.
325 1239 435 1323 itaque
449 1237 659 1323 praedicabat
669 1237 781 1302 mirari
792 1259 836 1322 se,
849 1260 916 1304 non
926 1241 1147 1327 sacrilegorum

150 1348 285 1391 numero
303 1325 427 1410 haberi,
446 1327 501 1410 qui
521 1325 721 1410 supplicibus
740 1327 874 1391 deorum
887 1329 1085 1413 nocuissent,
1095 1332 1151 1395 >aut

150 1436 217 1478 non
239 1414 444 1498 gravioribus
466 1414 580 1496 poenis
608 1412 708 1496 affici,
740 1413 795 1496 qui
823 1414 1018 1500 religionem
1041 1417 1147 1482 minue

152 1505 234 1585 rent,
258 1523 355 1583 quam
378 1501 434 1584 qui
456 1499 533 1564 fana
556 1501 742 1584 spoliarent.

116 1589 137 1654 5
240 1587 322 1652 Post
339 1588 402 1653 hoc
415 1588 574 1672 proelium
589 1589 745 1652 collatum
760 1610 855 1654 omne
868 1590 992 1655 bellum
1007 1596 1059 1657 est
1074 1591 1145 1658 circ

117 1675 346 1742 rCorinthum
373 1676 508 1760 ideoque
536 1674 743 1741 Corinthium
771 1680 823 1742 est
849 1678 1062 1761 appellatum.
1102 1678 1144 1744 hie

152 1785 226 1829 cum
252 1785 317 1829 una
343 1785 453 1849 pugna
479 1764 589 1829 decem
617 1764 708 1827 milia
730 1764 876 1829 hostium
898 1765 1057 1850 Agesilao
1079 1766 1141 1833 duc

151 1852 343 1917 cecidissent
361 1873 462 1935 eoque
485 1850 572 1916 facto
592 1873 670 1935 opes
693 1851 951 1918 adversariorum
969 1854 1142 1920 debilitatae

150 1939 345 2024 viderentur,
368 1943 498 2004 tantum
516 1939 599 2003 afuit
618 1939 658 2003 ab
677 1939 852 2004 insolentia
870 1940 1006 2025 gloriae,
1023 1947 1062 2008 ut
1074 1960 1141 2007 corr

151 2024 324 2093 miseratus
352 2028 397 2092 sit
423 2027 589 2093 fortunam
613 2024 780 2111 Graeciae,
810 2029 896 2111 quod
923 2032 994 2093 tam
1022 2029 1141 2095 multis

152 2137 186 2179 se
208 2116 288 2180 victi
310 2115 390 2180 vitio
415 2114 672 2179 adversariorum
690 2115 919 2180 concidissent:
942 2116 1107 2201 namque'

152 2202 370 2285 multitudine,
394 2202 422 2266 si
445 2223 524 2266 sana
546 2224 637 2267 mens
661 2205 762 2286 esset,
786 2201 939 2268 Graeciae
962 2204 1145 2289 supplicium

117 2288 268 2355 sPersas
301 2290 376 2354 darc
408 2289 563 2373 potuisse.
612 2290 698 2353 idem
730 2311 804 2355 oum
835 2291 1039 2357 adversarios
1070 2293 1140 2357 nse

154 2377 281 2444 moenia
299 2376 510 2461 compulisset
528 2381 562 2441 et
578 2381 618 2442 ut
631 2376 825 2444 Corinthum
844 2384 1050 2464 oppugnaret
1063 2373 1140 2445 multi

152 2464 371 2548 hortarentur,
388 2465 521 2550 negauit
538 2465 572 2529 id
591 2486 667 2529 suae
681 2465 796 2529 virtuti
811 2466 995 2531 convenire:
1019 2489 1054 2532 se
1071 2466 1141 2532 enin

152 2575 226 2618 eum
249 2575 319 2619 esse
344 2553 464 2636 [dixit],
487 2553 543 2636 qui
565 2553 605 2616 ad
629 2551 773 2617 officium
794 2557 966 2636 peccantes
985 2556 1089 2621 redire
1104 2572 1140 2620 cr

153 2644 254 2726 geret,
275 2662 342 2705 non
360 2641 416 2723 qui
434 2640 531 2704 urbes
545 2639 766 2704 nobilissimas
781 2645 980 2726 expugnaret
996 2641 1139 2710 Graecis

116 2727 243 2793 Unam
267 2728 310 2792 si’
333 2729 442 2811 inquit
464 2727 530 2793 ‘eos
554 2727 759 2812 exstinguere
782 2729 993 2813 voluerimus,
1021 2730 1077 2814 qui
1099 2748 1139 2796 no

152 2815 279 2880 hiscum
301 2815 454 2880 adversus
477 2815 634 2880 barbaros
657 2819 832 2899 steterunt,
859 2821 990 2882 nosmet
1012 2818 1076 2902 ipsi
1095 2832 1139 2882 nor

153 2902 443 2987 expugnaverimus
475 2903 541 2966 illis
575 2903 824 2986 quiescentibus.
870 2925 935 3018 quo
966 2903 1056 2971 facto
1087 2903 1138 2971 sin

118 2994 392 3142 ,stow
406 2990 913 3163 ttttssttlrdsstslttffttt
936 3078 1077 3146 caca
1096 3077 1139 3144 a

154 3164 376 3230 cedaemoniia
416 3187 479 3249 quo
501 3187 542 3230 ne
565 3167 832 3250 proficisceretur,
855 3189 928 3231 cum
952 3189 971 3232 a
993 3168 1138 3252 plerisque

154 3253 193 3317 ad
220 3254 400 3318 exeundum
427 3253 661 3338 impelleretur,
690 3259 728 3318 ut
751 3255 779 3318 si
806 3254 845 3319 de
873 3255 962 3320 exitu
990 3255 1139 3333 dinnuu

152 3344 305 3407 enarravit
334 3345 519 3406 senectutem.
564 3342 662 3426 idem,
695 3363 768 3407 cum
797 3341 1040 3425 Epaminondas
1065 3341 1140 3427 spu

154 3433 221 3492 tarn
244 3431 448 3513 oppugnaret
471 3432 620 3512 essetque
643 3429 712 3494 sine
735 3430 836 3493 muris
860 3430 1028 3515 oppidum,
1058 3430 1141 3497 talen

154 3536 188 3578 se
220 3517 451 3600 imperatorem
486 3517 653 3601 praebuit,
688 3521 726 3581 ut
758 3538 796 3581 eo
828 3521 974 3601 tempore
1007 3518 1141 3584 omnibu
