2324 4020
380 220 465 278 XXII.
484 219 681 277 HAMILOAR.
708 228 733 278 4.
1023 224 1065 288 89

55 364 145 448 viris,
166 335 304 448 pecunia
327 368 432 430 totam
454 365 667 450 locupletavit
652 366 835 432 t.Africam
866 367 920 432 hic
938 389 1012 433 cum
1030 369 1099 434 ina

10 451 600 627 llllmablllltmllltllll,
602 457 1065 628 llllat‘i'lllffilnlll

59 650 170 694 versus
193 626 259 692 Vct
244 631 353 693 ttones
377 629 502 695 occisus
525 634 584 694 est.
618 630 715 695 huius
738 635 931 715 perpetuum
954 632 1100 696 odiums

60 738 136 803 erga
163 715 329 781 Romanos
356 717 496 782 maxime
524 718 705 783 concitasse
733 719 861 784 videtur
890 721 1066 784 seeundum

60 805 180 870 bellum
202 804 387 870 Poenicum.
421 826 561 888 namque
580 805 754 891 Hannibal,
776 807 863 872 filius
886 807 965 891 eius,
988 808 1066 872 assi-

62 893 129 958 duis
143 891 249 977 patris
263 893 539 958 obtestationibus
553 913 591 958 eo
606 898 657 958 est
675 896 859 979 perductus,
877 900 915 959 ut
931 896 1065 960 interire

63 1002 157 1065 quam
179 979 346 1045 Romanos
368 1002 435 1045 non
457 980 597 1062 experiri
620 984 742 1047 mallet.

350 1281 481 1354 XXIII.
509 1280 775 1355 HANNIBAL.

146 1418 326 1504 Hannibal,
348 1419 544 1485 Hamilcaris
567 1420 669 1505 filius,
697 1419 992 1506 Karthaginiensis.
1038 1421 1067 1485 si
1086 1431 1102 1488 l

63 1529 171 1572 rerum
194 1511 259 1592 est,
282 1508 368 1591 quod
389 1529 486 1573 nemo
509 1508 655 1593 dubitat,
676 1513 715 1572 ut
737 1509 876 1592 populus
899 1507 1066 1574 Romanus

63 1616 171 1661 omnes
199 1599 313 1680 gentes
340 1596 462 1660 virtute
490 1559 667 1680 superarit,
694 1618 761 1661 non
783 1602 834 1661 est
820 1596 1068 1662 tinfitiandum

62 1682 353 1748 Hannibalemtan
354 1687 389 1748 to
312 1684 613 1768 anpraestitisss
628 1688 753 1749 ceteros
768 1684 981 1767 imperatores
995 1707 1068 1769 pru-

62 1772 179 1854 dentia,
203 1775 325 1854 quanto
342 1772 483 1856 populus
501 1771 668 1837 Romanus
688 1773 858 1836 antecedat
876 1772 943 1836 fort
929 1773 1068 1838 titudine

63 1822 193 1924 cunctais
223 1858 381 1923 nationes.
426 1880 503 1923 nam
527 1861 815 1943 quotienscumque
839 1882 913 1925 cum
936 1880 974 1924 eo
997 1881 1070 1925 con·
1088 1880 1103 1926 a

63 1968 193 2033 gressus
216 1947 299 2011 est
289 1970 324 2011 m
346 1946 492 2031 Italia,s
477 1968 604 2031 semper
622 1947 772 2015 discessit
790 1948 946 2031 superior.
983 1948 1070 2030 quod

62 2035 124 2100 nisi
156 2035 245 2100 domi
276 2035 396 2099 civium
428 2056 562 2099 suorum
597 2036 718 2099 invidia
750 2035 940 2099 debilitatus
974 2039 1070 2119 esset,

10 2144 14 2195 ·,
63 2121 226 2188 Romanos
258 2123 346 2188 videt
332 2127 386 2186 tur
418 2144 572 2223 superare
602 2123 758 2207 potuisse.
803 2124 859 2187 sed
892 2086 1070 2187 multoruni

10 2232 12 2263 ³
64 2210 259 2275 obtrectatio
282 2210 402 2275 devicit
424 2211 519 2275 unius
543 2210 708 2275 virtutem.

149 2297 213 2364 Hic
231 2302 341 2363 autem
359 2297 449 2362 velut
466 2298 647 2363 hereditate
666 2298 816 2363 relictum
836 2299 946 2363 odium
964 2303 1070 2382 pater·
1088 2317 1104 2365 a

10 2384 13 2465 ζ
63 2408 140 2451 uum
163 2405 242 2471 erga
259 2385 425 2452 Romanos
446 2386 494 2451 sic
517 2387 731 2470 conservavit,
753 2390 791 2450 ut
813 2387 903 2470 prius
928 2387 1070 2450 animam

10 2468 13 2491 ²
63 2495 162 2558 quam
183 2474 217 2538 id
239 2474 439 2558 deposuerit,
468 2474 691 2559 quiquidem,
719 2496 793 2539 cum
821 2473 930 2558 patria
956 2473 1069 2557 pulsus

64 2566 150 2627 esset
177 2565 211 2627 et
237 2561 416 2626 alienarum
440 2583 538 2646 opum
565 2562 739 2647 indigeret,
768 2582 946 2644 numquam
974 2561 1070 2625 desti·

64 2649 141 2714 terit
168 2648 276 2714 animo
303 2649 424 2715 bellare
448 2671 522 2714 cunr
544 2649 710 2714 Romanis.
754 2671 831 2713 narn
860 2653 895 2712 ut
919 2648 1110 2714 omittam2

63 2736 265 2822 Philippum,
296 2758 393 2820 quem
425 2738 540 2802 absens
573 2739 702 2802 hostem
734 2737 875 2801 reddidit
904 2736 1071 2821 Romanis,

63 2825 209 2891 omniurn
236 2825 275 2890 iis
304 2825 505 2909 temporibus
535 2826 784 2910 potentissimus
807 2847 864 2889 rex
887 2824 1070 2890 Antiochus

62 2913 135 2978 fuit.
169 2912 255 2977 hunc
274 2916 367 2977 tanta
385 2913 563 2997 eupiditate
581 2913 725 2978 incendit
743 2913 895 2996 bellandi,
912 2917 950 2976 ut
967 2934 1070 2995 usque

61 3022 83 3066 a
108 3000 208 3073 rubro
236 3001 319 3065 mari
347 3022 438 3065 arma
464 3004 600 3066 conatus
633 3001 677 3066 sit
709 3000 828 3065 inferre
860 2999 985 3064 It.aliae
1031 3001 1105 3065 ada

63 3110 161 3174 quem
184 3109 258 3153 eum
279 3088 381 3174 legati
403 3089 569 3154 venissent
592 3087 746 3172 Romani,
774 3089 831 3171 qui
859 3089 897 3151 de
926 3088 994 3152 eius
1018 3110 1072 3153 vo-

62 3177 190 3241 luntate
217 3177 423 3261 explorarent
447 3177 626 3259 darentque
654 3197 787 3275 operam
815 3175 959 3240 consiliis
988 3176 1072 3240 clan-

61 3263 200 3329 destinis
213 3268 252 3328 ut
265 3263 510 3329 Hannibalem
501 3287 536 3328 ru
550 3263 768 3348 suspicionem
782 3284 852 3348 regi
843 3263 1071 3347 a,dducerent

62 3357 232 3436 tamquam
255 3352 328 3415 ab
318 3353 398 3436 1psis
420 3356 591 3436 corruptus
610 3351 676 3416 alia
694 3355 792 3435 atque
812 3355 868 3416 ant
870 3372 907 3414 ea
855 3349 1071 3434 tsentiret,

59 3462 167 3526 neque
189 3441 224 3504 id
245 3439 330 3504 frust
316 3444 368 3504 tra
390 3438 544 3505 fecissent
561 3439 658 3523 idque
675 3438 841 3504 Hannibal
859 3401 1071 3520 comperisset

59 3549 162 3613 seque
186 3527 259 3592 ab
251 3531 300 3590 mt
286 3527 460 3592 terioribus
480 3528 624 3593 consiliis
644 3527 809 3613 segregari
828 3524 1006 3607 vidisset,t
1008 3545 1071 3588 em·
1089 3543 1105 3590 3
