2324 4020
115 201 158 263 56
394 197 454 252 XV.
474 191 745 250 EPAMINONDAS.
776 199 799 248 1.
819 201 844 250 2.

389 377 465 451 XV.
492 377 849 451 EPAMINONDAS.

81 523 98 586 1
202 517 455 604 Epaminondas,
477 515 643 600 Polymnii
665 516 761 600 filius,
784 515 967 580 Thebanus.
1001 514 1057 579 del

114 610 305 694 priusquam
324 605 506 688 scribimus,
524 604 604 669 haec
618 603 845 689 praecipienda
859 603 1006 668 videntur
1020 603 1057 668 lec

114 698 214 780 ribus,
237 717 277 759 ne
296 694 418 757 alienos
438 714 544 756 mores
564 692 604 756 ad
623 713 699 757 sucs
714 691 866 776 referant,
884 713 964 757 neve
977 713 1057 776 eaqr

115 785 196 870 ipsis
219 783 342 847 leviora
364 784 454 864 sunt,
481 780 553 864 pari
576 780 671 845 modo
695 779 781 863 apud
804 784 931 844 ceteros
953 779 1046 845 fuisse

80 888 96 936 2
115 873 287 936 bitrentur.
316 868 437 933 scimus
456 868 542 932 enim
561 868 706 933 musicen
717 868 842 932 nostris
855 868 1001 933 moribus
1011 869 1057 932 abc

116 982 135 1023 a
157 957 313 1043 principis
336 977 484 1040 persona,
508 956 627 1020 saltare
650 977 726 1020 vero
750 955 851 1020 etiam
868 956 904 1021 in
921 957 1010 1021 vitiis
1030 977 1057 1040 p<

116 1068 199 1131 quae
223 1045 331 1110 omnia
354 1044 439 1128 apud
463 1043 604 1108 Graecos
623 1048 657 1108 et
675 1048 772 1129 grata
789 1047 822 1108 et
839 1043 934 1108 laude
953 1044 1046 1130 digna

82 1151 97 1198 a
118 1139 242 1200 cuntur.
275 1155 348 1198 cum
363 1135 472 1196 autem
491 1131 669 1215 exprimere
687 1132 864 1216 imaginem
883 1132 1057 1197 consuetud

117 1227 215 1306 atque
238 1222 325 1286 vitae
348 1220 484 1285 velimus
507 1218 766 1303 Epaminondae,
794 1219 878 1284 nihil
905 1220 1048 1285 videmur

116 1312 193 1376 bere
216 1310 491 1394 praetermittere,
515 1307 601 1391 quod
624 1307 787 1391 pertineat
810 1307 850 1371 ad
873 1328 946 1372 eam
965 1309 1057 1374 declar

82 1400 200 1465 adam.
246 1418 346 1480 quare
369 1396 512 1460 dicemus
535 1395 677 1479 primum
700 1395 738 1459 de
762 1416 880 1480 genere
904 1395 991 1481 eius,
1013 1397 1057 1462 dei

118 1486 234 1570 quibus
263 1483 441 1567 disciplinis
470 1487 503 1546 et
532 1505 552 1546 a
579 1483 696 1566 quibus
725 1483 770 1547 sit
797 1482 959 1567 eruditus,
989 1489 1056 1550 tum

118 1573 263 1637 moribus
286 1571 472 1657 ingeniique
495 1569 707 1635 facultatibus
731 1574 764 1634 et
787 1571 815 1635 si
838 1592 905 1654 qua
924 1572 991 1637 alia
1008 1595 1056 1638 me

117 1663 167 1725 ria
194 1661 293 1744 digna
321 1663 428 1743 erunt,
460 1662 626 1743 postremo
655 1659 818 1724 derebus
846 1660 967 1746 gestis,
998 1683 1057 1745 qua

118 1748 269 1834 plurimis
293 1747 393 1812 animi
417 1750 658 1832 anteponuntur
680 1746 866 1811 virtutibus.

84 1837 105 1902 2
207 1835 315 1901 Natus
337 1836 440 1920 igitur
462 1840 564 1919 patre,
587 1857 651 1918 quo
670 1835 818 1920 diximus,
841 1855 960 1921 genere
981 1837 1057 1903 hone

118 1947 241 2009 pauper
263 1924 330 1988 iam
353 1945 372 1988 a
395 1924 573 1988 maioribus
596 1922 730 1988 relictus
758 1929 815 2008 est,
845 1924 992 1990 eruditus
1019 1948 1057 1990 au

120 2015 166 2078 sic
189 2016 226 2077 ut
248 2033 344 2077 nemo
367 2010 541 2076 Thebanus
564 2011 679 2096 magis.
724 2033 800 2076 nam
823 2015 857 2077 et
880 2012 1057 2078 citharizan

120 2105 250 2165 cantare
279 2100 319 2163 ad
347 2099 540 2163 chordarum
568 2121 683 2164 sonum
706 2099 820 2164 doctus
844 2104 895 2165 est
918 2123 938 2166 a
961 2099 1057 2186 Dion)

121 2189 176 2271 qui
202 2208 269 2251 non
297 2187 421 2250 minore
450 2187 514 2251 fuit
536 2187 572 2251 in
594 2187 726 2252 musicis
749 2188 855 2273 gloria
879 2210 979 2272 quam
1001 2188 1057 2255 Dar

121 2279 178 2338 aut
200 2273 375 2357 Lamprus,
403 2295 540 2357 quorum
562 2275 755 2360 pervulgata
778 2280 856 2341 sunt
882 2279 1030 2363 nomina,
1055 2311 1057 2332 ι

86 2367 191 2427 utare
215 2361 306 2426 tibiis
330 2362 371 2425 ab
392 2360 635 2447 Olympiodoro,
658 2363 778 2428 saltare
801 2387 822 2428 a
840 2363 1055 2449 Calliphrone.

120 2451 348 2535 philosophiae
371 2455 614 2534 praeceptorem
635 2451 752 2516 habuit
774 2451 888 2536 Lysim
908 2452 1057 2521 Tarentin

120 2539 377 2625 Pythagoreum:
414 2537 467 2604 cui
495 2539 625 2622 quidem
652 2541 699 2605 sic
726 2539 790 2605 fuit
817 2540 959 2626 deditus,
992 2548 1057 2608 ut:

120 2629 246 2692 lescens
269 2629 399 2692 tristem
421 2648 458 2692 ae
477 2649 623 2692 severum
642 2649 751 2692 senem
771 2628 921 2694 omnibus
940 2631 1057 2715 aequal

123 2715 189 2778 suis
213 2715 247 2778 in
269 2714 493 2778 familiaritate
530 2719 767 2800 anteposuerit3
795 2740 899 2801 neque
928 2720 1020 2802 prius
1054 2747 1057 2777 ι

123 2824 142 2866 a
166 2823 200 2865 se
223 2801 361 2884 dimisit,
385 2823 482 2885 quam
505 2803 540 2866 in
562 2802 718 2867 doctrinis
741 2806 835 2867 tanto
859 2808 1036 2870 antecessit

122 2889 308 2972 discipulos,
330 2893 368 2953 ut
386 2890 481 2954 facile
500 2891 648 2975 intellegi
666 2896 779 2974 posset
797 2891 867 2976 pari
886 2893 984 2958 modo
1004 2916 1057 2978 sup

88 2993 103 3040 3
123 2982 233 3042 turum
249 2998 360 3041 omnes
375 2978 410 3040 in
425 2978 540 3041 ceteris
556 2979 690 3042 artibus.
723 2983 820 3062 atque
834 2979 915 3045 haec
929 2981 971 3045 ad
985 2985 1057 3046 nost

124 3064 389 3130 consuetudinem
413 3069 490 3129 sunt
512 3066 596 3130 levia
619 3069 652 3129 et
679 3067 790 3150 potius
819 3068 1052 3133 contemnende

88 3153 158 3216 ein
181 3150 330 3236 Graecia,
357 3153 470 3236 utique
499 3153 590 3236 olim,
621 3175 759 3239 magnae
786 3154 874 3218 laudi
898 3161 1000 3220 erant.
1043 3179 1057 3241 p

124 3262 221 3324 quam
249 3241 393 3324 ephebus
421 3245 472 3304 est
499 3239 605 3306 factus
634 3248 667 3305 et
696 3243 877 3326 palaestrae
901 3244 977 3308 dare
1002 3265 1057 3329 ope

123 3328 245 3413 coepit,
277 3350 343 3392 non
376 3333 445 3393 tam
472 3329 689 3415 magnitudini
717 3331 835 3394 virium
868 3332 1003 3396 servivit
1035 3354 1057 3415 q

122 3416 304 3481 velocitati:
336 3415 428 3480 illam
452 3417 538 3482 enim
561 3419 601 3482 ad
624 3418 823 3482 athletarum
850 3441 959 3502 usum,
986 3420 1057 3484 han<

89 3503 202 3567 cbelli
227 3503 437 3568 existimabat
463 3505 667 3586 [utilitatem]
698 3506 868 3590 pertinere.
914 3508 1024 3591 itaque
1047 3528 1057 3572 e
