2324 4020
116 205 159 269 58
395 203 453 258 XV.
473 201 748 258 EPAMINONDAS.
775 209 800 259 4.
820 208 844 258 t.

116 350 224 434 inquit
252 348 345 434 ‘opus
372 348 509 433 pecunia
537 352 600 412 est:
629 370 704 412 nam
733 348 761 412 si
784 369 839 411 rex
867 369 904 412 ea
931 346 1016 429 vult,
1042 368 1056 430 ς

116 437 279 503 Thebanis
303 440 380 502 sunt
402 436 510 520 utilia,
538 436 656 522 gratiis
679 436 785 500 facere
809 457 881 500 sum
903 439 1049 519 paratus,

115 531 226 591 autem
249 525 426 609 contraria,
452 546 519 589 non
545 524 645 589 habet
668 524 739 588 auri
762 527 860 607 atque
884 524 1012 610 argenti
1035 545 1056 587 sr

115 636 255 699 namque
279 613 368 678 orbis
391 617 553 677 terrarum
576 612 707 676 divitias
730 612 874 695 accipere
897 612 975 676 nolo
994 633 1051 695 pro

82 704 201 768 atriae
225 702 371 767 caritate.
414 705 451 766 tu
475 700 560 784 quod
588 722 638 765 me
665 700 869 786 incognitum
897 701 1035 764 tentasti

118 813 179 875 que
204 791 344 854 similem
372 788 581 872 existimasti,
606 810 674 853 non
700 789 802 851 miror
824 788 951 872 tibique
973 789 1056 874 ignor

118 879 174 943 sed
202 877 353 964 egredere
381 898 526 960 propere,
558 898 598 941 ne
627 877 708 941 alios
739 897 941 959 corrumpas,
973 897 1047 940 cum

116 988 184 1030 non
205 966 361 1050 potueris.
407 968 441 1029 et
462 969 512 1047 tu,
539 963 697 1048 Micythe,
728 969 901 1050 argentum
922 964 999 1028 huic
1022 985 1055 1028 re

118 1057 184 1138 aut,
202 1053 266 1118 nisi
284 1053 318 1117 id
332 1052 503 1118 confestim
523 1051 614 1136 facis,
633 1073 692 1138 ego
707 1056 740 1116 te
755 1051 883 1116 tradam
897 1053 1056 1136 magistra

81 1141 205 1207 rhunc
231 1140 414 1206 Diomedon
442 1163 515 1205 cum
542 1145 688 1226 rogaret,
714 1145 753 1204 ut
779 1144 852 1204 tuto
881 1140 967 1204 exire
997 1163 1056 1204 sua

119 1252 201 1313 quae
228 1229 397 1312 attulerat,
429 1229 543 1294 liceret
570 1229 695 1312 efferre,
723 1227 823 1292 ‘istud
851 1228 992 1311 quidem’
1021 1229 1055 1292 in

119 1317 257 1402 ‘faciam
279 1338 383 1401 neque
407 1321 464 1382 tua
487 1338 592 1400 causa,
616 1316 671 1381 sed
694 1338 774 1400 mea,
796 1337 846 1399 ne,
870 1316 899 1380 si
921 1316 984 1380 tibi
1009 1317 1053 1380 sit

79 1446 82 1452 ·
118 1407 214 1470 cunia
240 1406 405 1488 adempta,
435 1405 553 1489 aliquis
580 1404 667 1469 dicat
694 1405 727 1468 id
750 1403 864 1468 adme
888 1407 1036 1488 ereptum

82 1507 99 1554 s
119 1494 254 1577 venisse,
273 1493 359 1577 quod
378 1492 522 1557 delatum
542 1493 686 1576 accipere
703 1491 902 1557 noluissem?
932 1514 1035 1576 aquo
1055 1533 1056 1541 1

120 1581 313 1664 quaesisset,
341 1602 405 1664 quo
434 1602 468 1646 ae
495 1581 609 1645 deduci
632 1581 743 1663 vellet,
774 1583 807 1644 et
834 1580 888 1644 ille
912 1579 1056 1645 Athenas

119 1668 234 1751 risset,
265 1668 462 1753 praesidium
490 1668 591 1752 dedit,
622 1672 661 1734 ut
687 1672 761 1732 tuto
787 1668 979 1752 perveniret.
1025 1691 1056 1733 m

119 1779 195 1821 vero
218 1756 252 1821 id
270 1756 352 1821 satis
370 1756 495 1839 habuit,
518 1757 696 1840 sedetiam,
718 1759 756 1820 ut
774 1756 950 1821 inviolatus
964 1757 1001 1820 in
1013 1779 1056 1822 na

120 1845 313 1928 escenderet,
335 1865 394 1928 per
417 1843 592 1910 Chabriam
614 1844 857 1928 Atheniensem,
880 1844 918 1909 de
942 1866 1008 1928 quo
1032 1868 1056 1910 st

83 1947 101 1996 6
120 1934 319 1998 mentionem
337 1932 481 2015 fecimus,
500 1933 616 1997 effecit.
653 1933 869 1996 abstinentiae
884 1933 947 1997 erit
964 1932 1029 1997 hoc
1048 1956 1056 1997 s

120 2022 353 2086 testimonium.
388 2020 529 2104 plurima
547 2021 677 2104 quidem
699 2018 844 2104 proferre
866 2041 1050 2105 possumus,

120 2110 234 2174 modus
267 2107 467 2173 adhibendus
497 2113 560 2192 est,
592 2108 745 2192 quoniam
776 2130 841 2173 uno
873 2108 936 2173 hoo
965 2110 1056 2174 volut

120 2197 222 2260 vitam
254 2195 481 2260 excellentium
512 2197 656 2262 virorum
688 2196 904 2281 complurium
938 2199 1056 2263 conclu

121 2283 365 2366 constituimus,
397 2303 536 2367 quorum
564 2304 612 2350 res
643 2284 819 2369 separatim
850 2285 963 2349 multis
997 2287 1056 2350 mil]

120 2393 271 2436 versuum
294 2372 477 2455 complures
500 2372 674 2457 scriptores
698 2377 773 2437 ante
796 2394 855 2437 nos
879 2373 1056 2457 explicarur

84 2457 106 2522 b
209 2459 288 2524 Fuit
315 2459 415 2524 etiam
442 2460 595 2544 disertae,
625 2465 663 2525 ut
688 2482 783 2526 nemo
811 2462 842 2525 ei
868 2460 1042 2526 Thebanus

121 2552 208 2612 esset
231 2548 432 2632 eloquentia,
455 2569 558 2632 neque
582 2548 688 2613 minus
712 2549 887 2614 concinnus
910 2549 946 2612 in
967 2550 1056 2614 brevi

84 2648 102 2697 a
121 2635 334 2718 respondendi
349 2657 446 2719 quam
460 2637 493 2698 in
508 2640 665 2720 perpetua
680 2637 825 2702 oratione
839 2641 983 2702 ornatus.
1013 2638 1056 2702 ha

121 2723 376 2788 obtrectatorem
403 2722 605 2788 Menecliden
632 2724 804 2809 quendam,
833 2725 976 2789 indidem
999 2726 1056 2790 Tu

121 2815 154 2876 et
168 2811 388 2875 adversarium
406 2811 441 2874 in
454 2811 710 2875 administranda
728 2834 762 2877 re
780 2813 919 2897 publica,
942 2815 1024 2878 satis
1043 2837 1056 2879 e

121 2899 259 2964 citatum
290 2899 324 2962 in
356 2898 503 2982 dicendo,
534 2903 572 2964 ut
599 2898 788 2964 Thebanum
816 2901 954 2966 scilicet:
990 2925 1056 2968 nan

86 2987 171 3050 silli
194 2986 285 3072 genti
307 2987 381 3071 plus
404 2986 491 3051 inest
513 2987 631 3051 virium
651 3009 747 3071 quam
770 2990 902 3073 ingenii.
938 2990 966 3053 is
987 3013 1056 3074 quon

121 3096 156 3138 re
179 3075 315 3138 militari
337 3075 453 3140 florere
475 3074 735 3160 Epaminondam
758 3076 904 3160 ridebat,¹
930 3078 1056 3143 hortari

121 3161 211 3227 lebat
233 3161 414 3247 Thebanos,
436 3166 474 3227 ut
496 3185 609 3248 pacem
633 3164 719 3228 bello
743 3164 954 3249 anteferrent,
976 3189 1018 3230 ne
1041 3168 1056 3230 i

121 3249 329 3334 imperatoris
353 3272 451 3333 opera
478 3251 722 3317 desideraretur.
767 3251 843 3316 huie
870 3252 926 3317 ille
950 3253 1056 3318 ‘fallis’

122 3338 195 3419 quit
218 3337 329 3402 ‘verbo
353 3338 439 3403 cives
463 3342 546 3423 tuos,
570 3341 655 3423 quod
679 3359 734 3404 eos
758 3361 777 3402 a
798 3340 884 3404 bello
909 3363 1040 3408 avocas:

86 3426 208 3488 renim
235 3425 365 3489 nomine
394 3426 584 3490 servitutem
612 3427 774 3492 concilias.
819 3449 895 3492 nam
917 3431 1046 3513 paritur

122 3511 218 3576 bello.
263 3513 374 3596 itaque
398 3515 454 3596 qui
478 3535 515 3578 ea
538 3513 663 3578 diutina
686 3516 800 3580 volunt
827 3515 904 3596 frui,
934 3518 1021 3584 bello
1045 3542 1056 3584 ε
