2324 4020
155 237 177 298 4
486 237 506 290 1.
530 235 733 316 unrmnss.
760 242 785 321 a.
805 243 830 291 4.

155 381 190 444 in
216 381 278 445 hoc
305 379 369 444 fuit
396 384 467 444 tum
493 401 628 444 numero
651 379 816 445 Miltiades
841 381 906 460 [eui
933 382 992 445 illa
1014 381 1132 446 custod

121 484 137 531 3
157 468 362 548 crederetur}
394 468 456 551 hic,
479 489 553 532 cum
572 469 676 533 crebri
695 468 847 532 afferrent
863 469 971 532 nuntii
990 469 1074 532 male
1093 491 1132 534 re:

155 578 266 642 gerere
280 555 416 620 Darium
434 555 601 638 premique
621 578 640 620 a
655 555 795 641 Scythis,
812 556 963 620 hortatus
983 560 1033 620 est
1051 561 1132 639 pont

156 645 319 727 custodes,
345 665 386 708 ne
410 665 429 707 a
450 643 583 707 fortuna
610 643 719 707 datam
748 645 949 709 occasionem
976 644 1132 708 liberanda

120 731 312 797 4Graeoiae
340 731 551 796 dimitterent.
595 753 672 796 nam
699 732 727 796 si
755 753 829 796 cum
860 732 900 795 iis
931 731 1049 816 copiis,
1082 753 1132 815 qua

156 841 264 885 secum
278 822 528 902 transportaret,
541 818 708 883 interisset
721 818 850 903 Darius,
863 841 930 884 non
943 820 1050 884 solum
1059 819 1132 884 Eur«

154 929 231 990 pam
253 906 322 972 fore
346 909 461 989 tutam,
485 906 541 970 sed
564 907 663 971 etiam
681 929 746 991 eos,
770 908 825 990 qui
844 906 960 973 Asiam
982 909 1132 972 incolere]

156 993 272 1058 Graeci
290 1014 416 1078 genere,
434 994 555 1058 liberos
570 1017 590 1059 a
603 994 775 1059 Persarum
793 995 922 1059 futuros
941 995 1132 1061 dominatior

155 1087 188 1147 et
211 1081 363 1165 periculo.
394 1081 428 1145 id
446 1081 540 1145 facile
559 1082 644 1147 effici
666 1104 776 1166 posse:
798 1086 898 1166 ponte
917 1084 1003 1147 enim
1021 1065 1132 1149 resdiss

155 1190 266 1254 regem
289 1170 339 1235 vel
362 1169 507 1237 hostium
529 1169 615 1234 ferro
638 1170 689 1234 vel
712 1171 822 1254 inopia
844 1171 955 1254 paucis
979 1171 1092 1235 diebus
1115 1171 1132 1234 ir

121 1258 338 1326 oteriturum.
371 1258 411 1322 ad
430 1258 492 1323 hoc
511 1258 682 1322 consilium
705 1279 778 1322 cum
800 1258 945 1342 plerique
964 1259 1132 1322 accederes

154 1345 329 1410 Hestiaeus
348 1344 503 1429 Milesius,
520 1367 561 1410 ne
580 1367 631 1409 res
651 1346 871 1431 conficeretur,
890 1346 1030 1430 obstitit,
1051 1347 1132 1411 dicer

77 1414 133 1504 ..A
154 1455 221 1498 non
242 1434 328 1497 idem
351 1433 445 1516 ipsis,
476 1433 532 1515 qui
554 1453 696 1496 summas
723 1432 852 1516 imperii
875 1437 1041 1518 tenerent,
1069 1455 1132 1517 exp

81 1559 82 1562 =
132 1502 144 1545 ’Χ
156 1521 223 1585 dire
251 1519 527 1602 et‘multitudini,
556 1520 642 1602 quod
663 1518 756 1583 Darii
783 1541 884 1605 regno
912 1522 1058 1604 ipsorum
1079 1522 1132 1608 nita

155 1613 245 1700 retur
259 1607 451 1672 dominatio:
471 1628 534 1689 quo
549 1607 709 1672 exstineto
727 1608 817 1690 ipsos
831 1612 994 1692 potestate
1008 1610 1132 1693 expulso

156 1696 280 1761 civibus
299 1695 365 1759 suis
388 1715 509 1778 poenas
533 1694 674 1759 daturos.
705 1695 817 1778 itaque
835 1697 914 1761 adeo
934 1718 968 1760 se
987 1697 1132 1770 abhorret

156 1805 176 1848 a
194 1787 375 1849 ceterorum
394 1780 539 1865 consilio,
561 1786 600 1847 ut
617 1783 699 1847 nihil
717 1783 839 1866 putet’
865 1782 910 1873 sis
928 1785 1043 1849 utilius
1063 1803 1132 1867 quar

121 1871 342 1937 ooonfirmari
365 1890 501 1956 regnum
524 1870 705 1935 Persarum.
748 1871 771 1935 h
886 1893 941 1935 um
965 1873 1132 1936 sententias

154 1960 287 2044 plurimi
319 1963 427 2049 essent
459 1959 579 2042 secuti,
610 1952 810 2024 Miltiades‘i‘
830 1979 872 2022 on
908 1959 1060 2024 dubitans
1091 1965 1132 2024 tal

155 2049 268 2112 multis
292 2047 428 2112 consciis
448 2047 489 2110 ad
507 2048 593 2130 regis
613 2067 706 2111 aures
726 2046 862 2110 consilia
880 2067 939 2111 sua
955 2052 1132 2130 perventus

155 2133 392 2199 Chersonesum
420 2133 552 2216 reliquit
579 2155 616 2198 ac
644 2155 756 2198 rursus
783 2133 930 2198 Athenas
957 2133 1132 2219 demigravi

156 2222 247 2286 ouius
275 2221 360 2284 ratio
387 2221 450 2284 etsi
476 2241 543 2285 non
568 2221 685 2305 valuit,
714 2221 966 2311 tamengmagno
990 2218 1132 2311 opereej,

155 2308 328 2390 laudanda,
355 2328 428 2372 cum
456 2308 590 2372 amicior
617 2309 762 2372 omnium
789 2308 934 2373 libertati
963 2331 1060 2393 quam
1083 2306 1132 2379 sut

151 2396 255 2461 fuerit
278 2394 500 2460 dominationi.
1077 2414 1132 2469 „a

84 2474 138 2548 ‘4
243 2483 363 2548 Darius
387 2486 505 2566 autem,
528 2502 602 2546 cum
620 2503 659 2546 ex
676 2481 808 2567 Europa
829 2485 863 2548 in
881 2484 995 2557 Asiam
1014 2484 1132 2583 redissd

155 2571 364 2636 hortantibus
393 2568 519 2654 amicis,
550 2573 588 2633 ut
615 2566 785 2635 Graeciam
815 2573 975 2658 redigeret
1006 2575 1042 2637 in
1068 2584 1132 2661 suut

155 2663 363 2743 potestatem,
386 2657 523 2722 classem
542 2657 792 2742 quingentarum
809 2654 1132 2745 naviumcomparaii

156 2747 249 2830 eique
270 2745 384 2810 Datim
405 2744 562 2828 praefecit
584 2749 618 2809 et
635 2744 873 2830 Artaphernem
895 2748 1000 2833 iisque
1023 2746 1132 2833 ducerd

156 2834 315 2918 peditum,
344 2833 454 2898 decem
482 2832 628 2915 equitum
655 2833 746 2898 milia
773 2835 873 2920 dedit,
906 2857 1036 2901 oausam
1063 2827 1132 2997 inid

157 2943 266 2986 serens
299 2941 333 2985 se
364 2920 493 2985 hostem
527 2941 597 2985 esse
629 2920 897 3008 Atheniensibus,
928 2925 1014 3008 quod
1049 2947 1086 2989 eo

157 3009 277 3073 auxilio
307 3007 401 3072 Iones
433 3007 543 3072 Sardis
576 3015 815 3094 expugnassent
846 3032 968 3095 suaque
999 2996 1132 3096 praesid

65 3138 68 3143 -
122 3096 404 3161 sfineerfecissent.
440 3095 490 3160 illi
516 3095 672 3179 praefecti
699 3098 781 3183 regii
804 3099 906 3164 classe
929 3099 970 3164 ad
992 3099 1105 3165 Euboe

140 3185 294 3267 {appulsa
326 3183 474 3248 celeriter
502 3182 666 3248 Eretriam
699 3191 853 3268 ceperunt
885 3209 1060 3271 omnesque
1091 3211 1108 3252 e

157 3273 264 3359 gentis
292 3272 377 3336 cives
406 3271 558 3355 abreptos
585 3272 620 3335 in
646 3270 760 3336 Asiam
789 3273 829 3337 ad
855 3296 966 3361 regem
993 3102 1132 3521 nise}

156 3359 230 3423 inde
258 3359 298 3423 ad
320 3358 468 3423 Atticam
495 3363 700 3423 accesserunt
727 3381 764 3425 ac
789 3382 864 3426 suas
887 3363 997 3446 copias
1020 3364 1055 3427 in
1077 3385 1114 3429 ca

156 3468 234 3529 pum
256 3445 451 3511 Marathona
480 3446 687 3511 deduxerunt.
727 3448 756 3511 is
780 3449 874 3513 abest
896 3450 937 3514 ab
961 3451 1079 3534 oppido

123 3549 139 3597 a
158 3532 239 3597 citer
261 3535 352 3598 milia
373 3556 529 3618 passuum
551 3535 670 3599 decem.
701 3534 763 3600 hoc
782 3536 926 3602 tumultu
944 3530 1132 3613 Athenieud

1011 3642 1077 3675 ἢ.

902 3760 1132 3970 'l
