2324 4020
75 252 117 316 96
367 250 465 308 xxm.
485 250 683 306 HANNIBAL.
712 257 754 310 12.
774 257 816 307 re.
1098 276 1104 389 ,

74 397 145 482 gati
174 395 306 461 Prusiae
336 396 458 460 Romae
486 395 572 479 apud
599 395 634 460 Τ.
663 395 836 472 Quintium
864 397 1076 463 Flamininum

75 485 277 550 consularem
310 487 475 567 cenarent,
508 486 606 566 atque
637 483 685 548 ibi
715 484 755 549 de
783 483 972 551 Hannibale
1001 496 1093 550 men·'

75 573 163 637 tione
186 571 275 637 facta
299 593 338 636 ex
359 570 400 634 iis
424 593 506 635 unus
530 571 652 636 diceret
675 592 748 636 eum
771 572 806 636 in
824 572 963 638 Prusiae
984 594 1070 660 regno

40 677 55 724 a
75 683 154 726 esse.
186 661 220 724 id
238 663 369 743 postero
385 659 435 722 die
450 658 653 724 Flamininus
672 661 800 724 senatui
814 661 944 728 detulit
973 664 1069 745 patrer

75 749 264 831 conscripti,
295 747 351 830 qui
373 745 557 811 Hannibale
580 747 654 813 vivo
676 769 856 832 numquam
879 772 916 815 se
942 749 1009 815 sine
1032 748 1066 813 in

75 837 166 900 sidiis
190 835 317 899 futuros
342 834 582 918 existimarent,
604 836 732 920 legatos
755 835 790 900 in
811 836 1003 920 Bithyniam
1022 836 1066 901 ni

76 927 201 1004 serunt,
230 922 333 986 ineis
357 921 591 1006 Flamininum,
615 922 670 1005 qui
694 923 734 987 ab
758 945 835 1009 rege
856 928 1065 1009 peterentur

74 1010 336 1075 inimicissimum
364 1032 458 1074 suum
486 1031 596 1075 secum
624 1010 761 1075 haberet
788 1011 916 1095 sibique
943 1012 1065 1078 dederet

40 1098 126 1162 ahia
149 1098 265 1163 Prusia
287 1119 406 1183 negare
430 1119 527 1162 ausus
549 1120 617 1162 non
639 1100 703 1183 est3
734 1099 815 1164 illud
838 1100 1011 1185 recusavit,
1034 1118 1065 1164 na

75 1187 108 1250 id
131 1209 151 1250 a
174 1209 208 1252 se
231 1187 301 1251 fieri
328 1186 546 1270 postularent,
574 1188 660 1269 quod
687 1187 839 1252 adversus
866 1189 919 1253 ius
946 1185 1064 1271 hospitii

76 1279 174 1339 esset:
208 1275 284 1359 ipsi,
307 1275 335 1338 si
356 1277 505 1358 possent,
528 1274 849 1358 comprehenderent:
880 1276 1001 1355 locum,
1020 1273 1063 1340 abi

76 1368 174 1446 esset,
202 1363 296 1427 facile
323 1362 520 1426 inventuros.
565 1360 731 1426 Hannibal
754 1361 840 1428 enim
862 1385 928 1429 uno
951 1365 1020 1430 loco
1039 1383 1064 1426 re

76 1450 217 1532 tenebat,
236 1451 270 1513 in
289 1450 423 1513 castello
443 1451 530 1532 quod
548 1450 578 1514 ei
597 1471 705 1534 aroge
724 1451 837 1516 datum
858 1456 930 1516 erat
947 1450 1064 1532 muneri,

76 1537 172 1620 idque
196 1538 243 1601 sic
266 1537 461 1619 aedificarat,
483 1541 521 1602 ut
542 1539 578 1602 in
601 1538 750 1602 omnibus
772 1540 924 1623 partibus
943 1537 1063 1605 aedifici

76 1625 182 1688 exitus
209 1625 358 1708 haberet,
386 1624 511 1689 sedicet
538 1647 650 1690 verens
677 1648 717 1691 ne
745 1648 806 1691 usu
829 1628 967 1712 veniret,
994 1624 1064 1712 quod

41 1713 203 1777 caecidit.
257 1714 320 1778 huc
352 1734 426 1777 cum
458 1712 560 1799 legati
591 1712 814 1778 Romanorum
846 1716 1009 1780 venissent
1035 1734 1063 1778 ac

76 1801 283 1865 multitudine
316 1801 447 1865 domum
480 1801 548 1865 eius
586 1801 887 1888 circumdedissent,
923 1826 1002 1888 puer
1031 1801 1062 1866 ab

75 1890 172 1954 ianua
194 1889 394 1973 prospiciens
416 1887 594 1953 Hannibali
617 1890 700 1954 dixit
725 1890 835 1974 plures
856 1896 987 1975 praeter
1006 1910 1062 1956 oon·

76 1979 279 2042 suetudinem
306 1980 449 2042 armatos
478 1998 641 2060 apparere.
687 1978 743 2061 qui
770 1978 944 2062 imperarit
970 1979 1011 2062 ei,
1034 1979 1061 2041 ut

77 2088 186 2130 omnes
210 2066 295 2131 fores
320 2065 457 2130 aedificii
481 2064 666 2130 circumiret
689 2087 726 2130 ac
752 2087 889 2150 propere
917 2067 980 2132 sibi
999 2085 1061 2131 nnn

41 2154 188 2237 otiaret,
214 2176 292 2217 num
320 2154 432 2218 eodem
459 2154 556 2217 modo
579 2153 720 2236 undique
744 2154 955 2220 obsideretur.
998 2171 1061 2238 puer

77 2263 150 2305 cum
182 2241 341 2322 celeriter,
373 2240 450 2324 quid
477 2239 625 2324 vidisset,
656 2241 875 2306 renuntiasset
905 2258 1060 2325 omnesque

76 2329 181 2394 exitus
210 2332 384 2412 occupatos
412 2329 621 2410 ostendisset,
653 2329 755 2393 sensit
784 2329 818 2394 id
846 2352 913 2395 non
941 2328 1060 2395 fortuito

75 2418 207 2501 factum,
231 2417 287 2481 sed
310 2439 344 2480 se
368 2417 436 2500 peti
458 2438 561 2500 neque
585 2417 648 2481 sibi
671 2416 792 2481 diutius
815 2417 918 2482 vitam
940 2439 1007 2483 esse
1026 2434 1061 2479 re

75 2507 248 2572 tinendam.
286 2527 383 2589 quam
401 2525 441 2568 ne
460 2505 565 2568 alieno
584 2504 720 2569 arbitrio
744 2504 933 2589 dimitteret,
956 2522 1061 2570 mernor

75 2595 287 2677 pristinarum
314 2594 473 2658 virtutum
500 2614 672 2676 venenum,
701 2592 787 2676 quod
816 2614 944 2678 semper
970 2610 1061 2659 secum

75 2682 193 2745 habere
217 2685 397 2764 consuerat,
421 2680 571 2764 sumpsit.

27 2769 65 2833 13
164 2766 218 2833 Sic
244 2769 294 2833 vir
319 2768 532 2851 fortissimus,
561 2768 674 2833 multis
703 2767 864 2851 variisque
890 2767 1061 2853 pertimetur

75 2857 255 2939 laboribus,
279 2879 362 2922 armo
386 2856 548 2940 acquievit
571 2855 821 2942 septuagesimo
867 2857 984 2940 quibus
1005 2874 1062 2920 con·

76 2944 200 3007 salibus
241 2944 418 3028 interierit,
458 2966 525 3007 non
561 2944 719 3009 convenit.
772 2965 912 3026 namque
948 2942 1063 3009 Atticus

75 3031 118 3095 M.
151 3029 285 3096 Claudio
319 3031 473 3096 Marcello
506 3031 543 3108 Q.
575 3030 678 3095 Fabio
712 3029 861 3096 Labeone
894 3031 1064 3097 consulibus

76 3123 240 3184 mortuum
263 3120 297 3183 in
321 3120 428 3183 annali
452 3141 510 3184 suo
534 3120 691 3203 scriptum
710 3119 851 3203 reliquit,
874 3123 909 3184 at
925 3118 1065 3204 Polybius

74 3207 110 3272 L.
144 3206 285 3271 Aemilio
317 3207 417 3272 Paulo
450 3205 508 3272 Cn.
540 3206 662 3272 Baebio
695 3206 880 3290 Pamphile,
918 3205 1066 3292 Sulpicius

75 3301 184 3361 autem
212 3294 324 3361 Blitho
352 3295 388 3360 P.
416 3294 567 3360 Cornelio
596 3294 741 3380 Cethego
769 3293 812 3359 M.
836 3294 959 3360 Baebio
987 3294 1069 3360 'lam-

39 3385 173 3468 aphilo.
209 3387 307 3467 atque
326 3384 379 3448 hic
399 3387 510 3447 tantus
535 3383 583 3447 vir
606 3384 771 3466 tantisque
794 3382 889 3446 bellis
913 3383 1069 3449 districtus

74 3472 221 3537 nonnihil
242 3473 397 3556 temporis
416 3472 534 3536 tribuit
553 3471 681 3534 litteris.
709 3491 849 3553 namque
868 3470 996 3554 aliquot
1012 3470 1071 3536 eius

75 3561 149 3624 libri
174 3564 259 3636 sunt,
279 3561 402 3626 Graeco
423 3580 570 3625 sermone
590 3558 740 3632 confecti,
763 3558 797 3621 in
815 3557 862 3622 eis
881 3559 923 3623 ad
936 3557 1072 3626 Rhodios
