2324 4020
264 210 298 264 11.
318 209 598 267 nnnmsrocnns.
628 219 652 267 e.
673 219 696 268 ι.
929 200 986 276 ¹11

73 377 147 419 cum
174 354 216 419 iis
244 359 409 420 certamen
434 355 513 420 fore.
559 377 658 439 quare
688 378 744 421 eos
774 379 872 440 quam
901 357 1023 422 infir-4

57 443 147 508 timos
174 464 245 508 esse
271 443 432 507 volebant.
477 447 653 527 postquam
681 448 790 509 autern
817 445 988 510 audierunt

57 553 92 596 os
119 531 217 614 strui,
243 531 371 616 legatos
398 529 545 596 Athenas
573 532 732 596 miserunt
717 533 830 616 t,qui
856 533 890 597 id
916 533 1015 598 fieri

57 623 137 683 rent.
182 582 234 682 his
261 619 487 719 praesentibus
515 619 680 686 desierunt
707 641 745 684 ac
773 641 807 684 se
830 620 869 684 de
892 642 988 685 earo

57 710 108 770 tos
137 707 178 770 ad
204 728 260 770 eos
287 707 444 771 missuros
474 706 633 772 dixerrmt.
678 708 762 773 hanc
791 708 1023 795 legationemt

57 795 126 896 epit
152 794 388 859 Themistocles
415 798 450 858 et
477 795 565 859 solus
594 795 701 878 primo
729 795 857 879 profect
858 817 907 860 us.
924 800 988 862 est:

57 883 98 982 qui
120 882 223 966 legati
245 885 284 946 ut
306 886 377 946 tum
405 883 542 967 exirent,
570 904 643 947 cum
670 883 752 947 setis
780 883 841 948 alti
868 885 987 950 tuendo

57 971 68 1033 i
94 975 165 1034 exst
151 971 252 1034 tructi
274 969 420 1035 viderent
406 974 472 1054 tur,
500 971 679 1054 praecepit:
711 971 843 1035 interim
867 993 988 1056 omnes,

57 1058 69 1121 i
90 1062 187 1141 atque
211 1057 322 1141 liberi,
345 1080 426 1142 opus
449 1057 594 1122 facerent
615 1080 719 1142 neque
742 1059 802 1122 ulli
825 1060 898 1124 loco
916 1082 989 1143 par·

57 1150 99 1229 ut,
122 1147 190 1211 sive
213 1167 304 1210 sacer
326 1146 394 1211 sive
415 1147 562 1230 privatus
581 1150 668 1211 esset
687 1146 754 1211 sive
771 1146 932 1232 publicus,
955 1152 989 1212 et
1073 1169 1076 1176 ·

57 1235 130 1318 ique,
153 1233 240 1319 quod
261 1234 413 1298 idoneum
436 1233 477 1298 ed
499 1233 708 1299 muniendum
729 1238 892 1319 putarent,
915 1256 988 1336 1οιι;

57 1325 137 1386 rent.
183 1343 247 1405 quo
275 1320 398 1386 factum
425 1326 476 1386 est
502 1327 544 1387 ut
562 1321 813 1386 Atheniensium
841 1323 926 1387 muri
948 1345 988 1387 11

58 1409 109 1474 llis
133 1409 354 1493 sepulcrisque
377 1431 454 1474 cons
456 1414 572 1474 t.erent

68 1497 216 1563 Themist
218 1497 375 1562 oclest
318 1501 375 1561 aut
377 1519 437 1581 em,
450 1520 472 1562 u
474 1497 772 1564 tLecedaemonem
786 1499 875 1564 venit
860 1499 987 1583 todire
1007 1495 1026 1560 7

57 1586 256 1672 nagistratus
278 1585 386 1650 noluit
407 1549 442 1650 11
464 1586 552 1650 dedit
575 1607 716 1671 operam,
738 1591 777 1651 ut
799 1609 898 1671 quam
920 1588 988 1652 lon·

57 1674 114 1738 ime
137 1677 267 1756 tempus
290 1673 430 1756 duceret,
453 1695 583 1738 causam
606 1674 815 1758 interponens
839 1697 873 1740 se
893 1675 987 1740 colle-

61 1765 257 1845 exspectare.
303 1782 377 1826 cum
398 1760 646 1826 Lacedaemonii
669 1767 881 1846 quererentur
904 1784 985 1847 opus
1005 1775 1021 1822 2

57 1849 81 1914 lo
104 1848 212 1913 minus
234 1848 306 1913 fieri
328 1870 465 1932 eumque
488 1850 522 1914 in
544 1871 583 1914 ea
605 1872 639 1914 re
663 1851 773 1914 conari
796 1849 919 1934 fallere,
940 1851 987 1913 in·

57 1959 77 2001 n
105 1936 224 2019 reliqui
252 1937 355 2021 legati
384 1941 461 2001 sunt
491 1937 665 2003 consecuti.
711 1945 731 2000 a
761 1938 880 2021 quibus
913 1958 986 2001 cum

57 2029 123 2089 sset
139 2046 206 2089 non
224 2025 365 2089 multum
383 2045 550 2109 superesse
569 2025 769 2108 munitionis,
788 2026 829 2089 ad
847 2025 986 2108 ephoros
1043 2051 1045 2055 ·

57 2112 309 2188 tdaemoniorum
332 2113 479 2198 accessit,
499 2135 599 2197 penes
623 2134 705 2196 quos
729 2135 893 2177 summum
916 2117 987 2176 erat

57 2203 160 2285 trium,
183 2205 280 2284 atque
303 2201 388 2284 apud
411 2222 467 2266 eos
490 2202 658 2272 contendit
680 2200 764 2265 falsa
786 2202 826 2266 iis
846 2223 916 2266 esse
935 2200 987 2266 de·
1070 2219 1072 2226 ·

57 2313 61 2351 :
84 2311 184 2373 quare
207 2311 346 2372 aequum
368 2309 439 2353 esse
461 2289 536 2354 illos
559 2289 646 2354 viros
669 2290 773 2354 honos
795 2290 986 2373 nobilesque

57 2399 110 2442 ere
135 2376 266 2461 [quibus
284 2376 364 2441 fides
383 2377 582 2477 haberetur],
605 2377 661 2528 qui
680 2399 749 2442 rem
767 2378 986 2478 explorarent:

56 2487 104 2530 rea
122 2475 156 2529 s'e
175 2465 321 2530 obsidem
338 2465 524 2530 retinerent
554 2469 666 2551 gestus
685 2470 737 2529 est
755 2465 786 2543 11
804 2486 884 2548 mos,
907 2469 986 2528 tres·
1004 2477 1021 2524 3

72 2553 174 2640 legati
204 2553 309 2618 functi
340 2553 476 2618 summis
506 2553 686 2618 honoribus
713 2533 861 2617 Athenas
893 2552 986 2615 missi

57 2663 173 2706 .cum
194 2641 248 2706 his
272 2641 413 2725 collegas
436 2662 513 2707 suos
536 2640 772 2706 Themistocles
794 2639 891 2704 iussit
912 2661 986 2723 pro·

57 2729 82 2793 ei
103 2729 206 2812 iisque
228 2729 398 2813 praedixi,
421 2733 520 2793 utne
542 2729 633 2812 prius
657 2728 985 2793 Lacedaemoniorum

57 2821 106 2882 tos
137 2816 340 2881 dimitterent
368 2838 466 2918 quern
497 2818 568 2900 ipse
595 2821 683 2881 esset
713 2817 894 2880 remissus.
923 2815 1021 2880 hose

56 2926 153 2987 quam
166 2904 313 2970 Athenas
330 2905 515 2988 pervenisse
529 2909 580 2968 rat
581 2926 620 2969 us
566 2908 694 2989 test,
712 2904 753 2968 ad
771 2904 877 2989 magis
878 2907 985 2968 tratas
1089 2914 1091 2919 ‘

57 2996 190 3075 tumque
209 2991 538 3057 Lacedaemoniorum
556 2991 689 3057 adiitet
674 2953 793 3076 111111
812 3013 867 3056 eos
890 2992 986 3056 liber·

57 3080 255 3181 professus
283 3083 346 3145 est.
381 3079 598 3145 Athenienses
626 3101 684 3145 suo
715 3079 869 3164 consilio,
899 3080 985 3162 quod

57 3168 143 3233 muni
164 3169 234 3232 iure
257 3169 404 3254 gentium
426 3168 532 3232 facere
558 3172 708 3253 possent,
736 3169 813 3233 deos
835 3166 984 3251 publicos

58 3277 120 3340 qne
142 3257 266 3340 patrios
286 3278 324 3321 ac
340 3260 485 3341 penates,
507 3277 572 3339 quo
591 3255 719 3320 facilius
739 3256 780 3320 ab
799 3255 894 3320 hoste
912 3275 985 3339 pos·

74 3344 256 3428 defendere,
278 3346 380 3409 muris
403 3344 562 3428 saepsisse
584 3365 689 3427 neque
711 3344 746 3408 in
768 3365 806 3408 eo
830 3342 916 3426 quod
938 3342 985 3404 in·

57 3467 58 3486 2
80 3436 169 3497 esset
192 3430 345 3497 Graeciae
367 3431 491 3497 fecisse.
525 3454 601 3497 nam
623 3432 757 3497 illorum
778 3432 893 3495 urbem
917 3429 981 3509 [ut]
1003 3439 1018 3490 ι

57 3513 258 3606 {ugnaculum
281 3520 467 3604 oppositum
490 3540 560 3586 esse
587 3519 750 3603 barbaris,
778 3517 862 3601 apud
885 3537 982 3600 quam
