2324 4020
341 238 425 295 XXV.
443 237 602 296 aculcos,
630 245 708 294 2-4.
962 241 1020 305 101

51 383 155 449 ferret
181 381 238 449 rei'
255 384 421 468 familiari,
450 384 563 449 eodem
593 404 745 469 magnam
770 387 898 469 partem
925 384 1026 450 fortu-

51 494 138 537 erum
170 471 299 537 traiecit
327 494 466 538 suarum.
511 473 564 537 hic
595 473 643 536 ita
669 471 767 556 vixit,
797 476 836 537 ut
866 472 1024 538 universis

51 560 278 626 ‚theniensibus
306 561 423 626 merito
450 564 538 626 esset
561 561 754 626 carissimus.
799 581 875 624 nam
896 565 1061 644 praetera

51 649 173 733 retiam,
196 670 278 732 quae
296 649 363 714 iam
380 649 415 713 in
433 649 672 714 adulescentulo
692 669 810 735 magna
828 651 908 733 erat,
930 670 1025 733 saepe

51 738 91 802 ris
120 737 235 821 opibus
268 738 411 821 inopiam
441 758 553 802 eorum
583 737 748 822 publicam
779 737 907 802 levavit.
953 759 1026 802 cum

51 827 110 890 rim
128 847 294 890 versuram
312 824 418 890 facere
436 825 564 910 publice
582 847 712 890 necesse
731 829 818 890 esset
834 846 938 908 neque
957 825 1026 890 eius

51 914 245 979 indicionem
268 935 404 998 aequam
425 913 591 998 haberent,
614 935 742 998 semper
764 934 798 977 se
821 913 1027 998 interposuit,

51 1006 121 1086 tque
143 1002 191 1066 ita
212 1005 250 1066 ut
271 1023 374 1085 neque
397 1022 529 1066 usuram
551 1023 706 1085 umquam
730 1001 770 1066 ab
798 1001 838 1066 iis
867 1002 1028 1086 acceperit

51 1112 127 1174 eque
150 1090 291 1176 longius,
314 1111 411 1174 quam
434 1090 557 1155 dictum
581 1094 675 1174 esset,
698 1090 813 1155 debere
835 1111 951 1173 passus
974 1091 1027 1154 sit.

51 1179 109 1243 uod
135 1181 309 1262 utrumque
337 1182 408 1242 erat
434 1178 475 1243 iis
503 1179 658 1243 salutare:
688 1199 764 1242 nam
790 1199 894 1261 nequa
923 1179 1060 1243 indul-o

51 1267 127 1331 endo
150 1267 385 1332 inveterascere
408 1288 520 1331 eorum
538 1288 592 1331 aes
611 1266 752 1331 alienum
770 1266 957 1350 patiebatur
973 1288 1025 1331 ne

51 1377 84 1419 ue
107 1354 362 1438 multiplicandis
380 1355 488 1419 usuris
508 1375 659 1420 crescere.
693 1354 783 1418 auxit
801 1354 863 1419 hoc
882 1353 1025 1419 officium
1044 1372 1060 1420 a

51 1443 86 1507 da
109 1464 237 1526 quoquc
259 1442 471 1509 liberalitate:
497 1464 574 1507 nam
596 1443 763 1508 universos
786 1441 949 1508 frumento
973 1443 1026 1506 do-

51 1531 121 1616 cvit,
143 1530 192 1595 ita
213 1534 252 1595 ut
275 1530 412 1617 singulis
436 1531 505 1596 seni
528 1531 628 1596 modii
651 1531 756 1596 tritici
778 1532 947 1615 darentur,
970 1532 1026 1614 qui

51 1620 136 1684 rodus
160 1640 328 1684 mensurae
352 1619 531 1684 medimnus
554 1619 694 1684 Athenis
717 1620 909 1703 appellatur.

110 1706 174 1772 Hic
196 1710 306 1772 autem
329 1707 376 1772 sic
399 1729 433 1772 se
457 1709 605 1793 gerebat,
633 1711 672 1772 ut
695 1708 873 1772 communis
896 1707 1024 1791 infimis,
1044 1709 1065 1773 3

51 1817 81 1860 ar
108 1796 308 1879 principibus
336 1795 507 1860 rideretur.
553 1817 617 1878 quo
649 1795 773 1861 factum
805 1799 856 1859 eat
886 1800 924 1860 ut
950 1795 1024 1859 huic

51 1906 134 1949 mnes
153 1882 301 1967 honores,
325 1905 406 1967 quos
425 1888 568 1969 possent,
590 1883 718 1967 publica
737 1883 895 1948 haberent
912 1884 1025 1948 civem-

51 1993 83 2037 uc
114 1972 220 2037 facere
253 1973 434 2037 studerent:
468 1994 531 2057 quo
563 1972 720 2037 beneficio
751 1971 807 2035 ille
838 1972 888 2036 uti
918 1972 1025 2035 noluit

51 2061 122 2144 [uod
153 2060 304 2125 nonnulli
336 2060 385 2124 ita
416 2061 687 2144 interpretantur,
718 2059 827 2124 amitti
859 2059 1024 2125 civitatem

53 2170 202 2213 omanam
226 2149 289 2213 alia
317 2148 442 2229 ascita}
488 2149 641 2232 quamdiu
669 2147 775 2232 affuit,
801 2169 841 2212 ne
870 2169 933 2232 qua
961 2147 1061 2213 sibir

51 2241 133 2301 aatua
159 2240 347 2321 poneretur,
374 2235 511 2320 restitit,
541 2237 657 2302 absens
684 2237 856 2321 prohibere
878 2258 944 2301 non
970 2259 1025 2321 po-

51 2326 95 2390 rit.
131 2325 242 2409 itaque
262 2324 387 2409 aliquot
409 2325 473 2408 ipsi
497 2329 530 2389 et
547 2324 683 2389 Phidiae
706 2326 787 2390 locis
811 2325 1024 2390 sanctissimis

51 2416 212 2479 rsuerunt:
238 2411 324 2478 hunc
352 2413 438 2476 euim
465 2413 499 2476 in
526 2414 615 2478 omni
641 2414 867 2497 procuratione
895 2413 941 2476 rei
968 2435 1024 2496 pu-

51 2503 124 2568 icae
161 2504 304 2566 actorem
341 2505 569 2585 auctoremque
608 2501 773 2566 habebant
808 2500 1023 2584 potissimum.

51 2591 122 2668 ¹itur
143 2589 285 2673 primum
307 2588 387 2652 illud
411 2611 526 2654 munus
549 2589 708 2673 fortunae,
732 2590 817 2672 quod
835 2589 870 2652 iu
888 2610 926 2652 ea
944 2589 1059 2655 urbeo

51 2682 116 2743 atus
144 2682 209 2761 est,
242 2678 277 2741 in
304 2699 368 2760 qua
399 2676 598 2742 domicilium
626 2677 714 2742 orbis
747 2681 906 2743 terrarum
938 2683 1024 2742 esset

51 2766 163 2852 uperii,
198 2770 236 2830 ut
263 2766 396 2830 eandem
424 2768 457 2830 et
484 2766 625 2850 patriam
651 2764 787 2830 haberet
818 2769 851 2830 et
880 2765 1024 2850 domum3

51 2877 83 2921 oc
106 2854 268 2939 specimen
290 2855 489 2938 prudentiae,
513 2855 607 2938 quod,
640 2876 712 2918 cum
741 2854 776 2918 in
798 2875 869 2918 eam
893 2875 927 2919 se
950 2855 1024 2919 civi-

51 2948 124 3008 tem
138 2943 340 3027 contulisset,
363 2963 444 3025 quae
464 2942 668 3026 antiquitate,
690 2943 893 3007 humanitate
907 2943 1025 3008 doetri-

51 3053 124 3116 rque
147 3033 330 3115 praestaret
353 3052 473 3114 omnes,
496 3052 578 3095 unus
602 3031 632 3094 ei
654 3030 718 3094 fuit
742 3031 935 3096 carissimus.

108 3118 181 3185 Huc
203 3141 243 3183 ex
260 3117 341 3183 Asia
361 3117 451 3183 Sulla
473 3119 628 3183 decedens
649 3140 722 3183 cum
740 3120 892 3203 venisset,
914 3141 1022 3203 quam·
1040 3119 1063 3183 4

51 3231 75 3273 u
98 3208 145 3273 ibi
171 3207 247 3290 fuit,
277 3229 386 3272 secum
412 3207 528 3271 habuit
549 3206 778 3291 Pomponium,
806 3211 920 3290 captus
948 3207 1022 3271 adu-

51 3297 171 3362 scentis
194 3299 227 3360 et
249 3295 452 3360 humanitate
476 3299 509 3359 et
531 3295 687 3360 doctrina.
722 3296 768 3360 sic
792 3296 877 3359 enim
901 3293 1026 3358 Graece

54 3386 227 3470 quebatur,
250 3387 287 3448 ut
309 3383 448 3447 Athenis
471 3386 567 3448 natus
591 3384 766 3467 videretur;
798 3386 891 3446 tanta
913 3386 1022 3446 autem

51 3473 164 3538 raritas
188 3474 258 3536 erat
281 3472 439 3536 sermonis
458 3470 576 3556 Latini,
598 3475 636 3535 ut
659 3474 827 3554 appareret
849 3470 884 3533 in
907 3490 944 3533 eo
967 3491 1021 3533 na

51 3584 124 3628 rum
143 3561 300 3646 quendam
318 3561 462 3645 leporem
481 3580 559 3645 esse,
581 3580 647 3623 non
666 3559 812 3622 ascitum
844 3557 930 3621 idem
948 3562 1021 3642 poe·
