2324 4020
330 216 403 272 XIV.
422 216 603 274 DATAMES.
633 223 710 272 1-a.
981 218 1024 282 49

337 397 431 472 XIV.
459 399 697 473 DATAMES.

104 533 277 620 Datames,
307 540 400 620 patre
429 535 607 623 Camisare,
636 538 769 603 natione
798 537 892 623 (lare,
919 539 1062 603 matrel

61 623 189 706 ythissa
207 627 314 708 natus,
331 625 473 708 primum
491 626 634 690 militum
652 628 688 691 ia
704 649 839 692 numero
856 626 920 690 fuit
938 626 1024 710 apud

61 715 222 776 rtaxerxen
244 734 365 796 eorum,
389 713 444 797 qui
466 715 591 800 regiam
615 715 799 779 tuebantur.
838 719 932 799 pater
954 714 1023 778 eius

61 799 217 884 cmisares,
246 801 331 884 quod
355 804 388 866 et
410 824 509 866 manu
531 801 627 867 fortis
650 807 685 867 et
706 803 793 868 bello
818 806 968 868 strenuus
992 805 1025 866 et

61 888 91 972 gi
112 888 225 952 multis
247 888 328 954 locis
351 889 456 954 fidelis
479 894 550 954 erat
572 895 737 975 repertus,
759 891 875 955 habuit
897 891 1025 975 provin-

61 997 104 1039 am
134 980 262 1059 partem
288 975 421 1042 Ciliciae
450 978 542 1042 iuxta
570 977 822 1064 Cappadociam,
855 1001 952 1062 quam
979 979 1025 1042 in-

61 1063 132 1128 ·lunt
158 1063 342 1148 Leucosyri.
387 1064 543 1130 Datames
572 1067 714 1132 militare
741 1088 857 1132 munus
885 1067 1060 1152 fungensa

61 1152 175 1236 imum,
197 1153 301 1236 qualis
324 1157 426 1237 esset,
453 1154 581 1238 aperuit
603 1155 637 1219 in
660 1155 761 1239 bello,
784 1155 870 1238 quod
893 1177 950 1219 rex
973 1155 1025 1218 ad-
1111 1165 1114 1168 ”

61 1262 132 1304 usus
155 1239 312 1306 Cadusios
336 1242 448 1327 gessit.
492 1264 632 1326 namque
658 1242 712 1307 hic
735 1243 846 1327 magni
869 1242 933 1306 fuit
955 1242 1025 1306 eius

61 1350 127 1410 iera.
173 1350 236 1412 quo
265 1329 389 1395 factum
417 1333 480 1414 est,
512 1353 586 1394 cum
612 1331 648 1394 in
674 1352 712 1395 eo
739 1331 826 1394 bello
855 1330 1025 1395 cecidisset

61 1417 213 1500 amisares,
234 1423 270 1482 ut
290 1422 427 1502 paterna
450 1419 480 1482 ei
503 1420 686 1483 traderetur
707 1418 882 1503 provincia.

109 1504 186 1591 Pari
208 1526 242 1570 se
265 1507 385 1571 virtute
408 1510 524 1590 postea
549 1507 713 1591 praebuit,
744 1530 817 1572 cum
839 1505 1066 1590 Autophro2

61 1597 112 1659 tes
135 1594 226 1658 iussu
248 1595 335 1679 regis
357 1595 444 1660 bello
467 1599 794 1679 persequeretureos
822 1595 878 1678 qui
905 1593 1027 1660 defece·

61 1686 104 1746 nt
147 1703 287 1765 namque
313 1683 410 1747 huius
439 1705 537 1767 opera
566 1683 693 1767 hostes,
724 1705 798 1748 cum
826 1688 934 1747 castra
960 1684 1027 1746 iam

61 1775 213 1854 trassent,
243 1771 355 1835 multis
385 1771 517 1835 milibus
547 1772 713 1857 regiorum
743 1770 924 1836 interiectis
955 1793 1027 1854 pro·

61 1860 126 1944 gati
140 1861 218 1923 sunt
231 1859 454 1942 exercitusque
472 1859 615 1942 reliquus
630 1862 840 1924 conservatus
854 1859 942 1944 regis
961 1861 1026 1922 est:

61 1968 86 2012 [a
107 1969 146 2012 ex
169 1969 203 2010 re
227 1947 404 2011 maioribus
431 1948 527 2011 rebus
555 1968 705 2031 praeesse
732 1948 848 2030 coepit.
893 1951 964 2010 erat
987 1960 1060 2010 eoa

61 2057 169 2120 mpore
182 2034 292 2118 Thuys
306 2035 459 2119 dynastes
474 2035 726 2121 Paphlagoniae,
745 2036 880 2118 antiquo
899 2053 1026 2119 genere,

61 2128 112 2188 tus
136 2146 156 2187 a
178 2122 371 2207 Pylaemene
393 2123 466 2207 illo,
494 2145 591 2207 quem
614 2123 775 2188 Homerus
799 2123 915 2188 Troico
938 2122 1026 2188 bello

61 2211 212 2276 Patroclo
234 2211 442 2276 interfectum
460 2212 516 2276 ait.
552 2213 581 2276 is
604 2212 675 2298 regi
698 2213 785 2277 dicto
809 2212 942 2276 audiens
960 2224 1061 2276 nona

61 2305 98 2366 at.
134 2322 233 2383 quam
256 2300 297 2364 ob
321 2321 452 2364 causam
474 2300 561 2364 bello
585 2323 659 2365 eum
679 2301 832 2384 persequi
855 2300 1027 2364 constituit

61 2411 114 2473 [ue
132 2388 181 2452 rei
198 2386 354 2472 praefecit
368 2386 539 2474 Datamen,
557 2389 775 2473 propinquum
789 2387 1027 2473 Paphlagonis:

61 2497 161 2561 mque
184 2497 223 2540 ex
244 2475 345 2541 fratre
369 2479 402 2540 et
421 2498 531 2542 sorore
550 2481 643 2540 erant
660 2477 740 2541 nati.
777 2498 875 2560 quam
894 2475 935 2539 ob
956 2496 1027 2539 cau-

61 2589 88 2630 m
113 2563 270 2628 Datames
292 2564 435 2647 primum
457 2565 596 2648 experiri
623 2566 741 2649 voluit,
770 2568 807 2629 ut
834 2564 904 2628 sine
928 2562 1026 2627 annis

61 2654 239 2738 opinquum
261 2652 301 2716 ad
325 2651 468 2717 officium
490 2653 666 2718 reduceret.
702 2653 743 2717 ad
766 2674 863 2736 quern
886 2673 960 2717 cum
977 2673 1028 2715 ve-

61 2745 124 2807 rset
146 2740 216 2805 sine
238 2740 409 2825 praesidio,
432 2741 518 2824 quod
541 2742 582 2806 ab
606 2741 710 2806 amico
732 2741 839 2805 nullas
862 2743 1028 2805 vereretur

61 2829 169 2911 lidiae,
191 2850 292 2912 paene
315 2829 455 2893 interiit:
490 2851 567 2894 nam
590 2829 701 2913 Thuys
720 2851 799 2915 ,eum
822 2829 907 2893 clam
930 2828 1028 2892 inter·

61 2939 115 2984 ere
137 2916 251 2981 voluit.
285 2920 355 2981 erat
378 2921 483 2981 mater
505 2940 580 2982 cum
597 2916 746 3001 Datame,
770 2917 872 2981 amita
890 2915 1063 3000 Paphla-4

61 3007 124 3072 nis.
159 3027 197 3069 ea
215 3005 292 3088 quid
311 3009 462 3090 ageretur
479 3005 592 3070 resciit
613 3005 781 3090 filiumque
804 3004 940 3069 monuit.
971 3004 1062 3068 illes

61 3117 96 3182 ga
119 3092 299 3177 periculum
322 3093 457 3157 evitavit
479 3093 665 3176 bellumque
683 3093 801 3157 indixit
819 3092 957 3176 Thuyni.
993 3092 1028 3156 in

61 3206 80 3249 o
107 3203 183 3247 cum
206 3183 247 3245 ab
270 3180 504 3265 Ariobarzane,
526 3180 691 3265 praefecto
714 3181 836 3265 Lydiae
859 3184 893 3245 et
916 3179 1027 3245 Ioniae

61 3272 187 3353 iusque
201 3268 372 3355 Phrygiae,
395 3269 542 3334 desertus
566 3273 662 3353 esset,
683 3269 788 3333 nihilo
808 3268 938 3353 segnius
957 3288 1027 3351 per-

61 3357 182 3425 reravit
199 3357 370 3440 vivumque
389 3356 506 3440 Thuyn
525 3358 611 3440 cepit
634 3379 708 3422 cum
730 3380 830 3422 uxore
854 3361 887 3420 et
905 3354 1026 3418 liberis.

106 3445 209 3512 (luins
236 3443 316 3510 facti
342 3467 383 3510 ne
410 3445 500 3529 prius
528 3444 616 3509 fama
638 3445 679 3509 ad
702 3464 813 3530 regem
836 3465 934 3527 quam
956 3442 1026 3525 ipse
1045 3442 1066 3506 3

61 3534 216 3617 eveniret,
240 3533 328 3599 dedit
351 3555 491 3616 operam.
536 3533 646 3617 itaque
671 3533 821 3598 omnibus
843 3529 954 3594 insciis
979 3550 1027 3614 eo,
