2324 4020
141 215 183 278 76
448 213 546 269 XVIII.
564 213 745 269 EUMENES.
773 221 798 269 8.
817 221 842 271 9.

139 362 271 442 pserant
293 380 360 423 non
378 358 418 422 ad
435 381 531 423 usum
554 359 642 441 belli,
663 358 720 422 sed
742 358 784 422 ad
806 358 953 442 ipsorum
977 358 1143 442 luxuriam,

103 447 299 530 4longeque
326 446 413 511 inter
434 452 475 511 'se
503 447 727 510 discesserant.
771 446 834 510 hoc
856 445 1048 530 Antigonus
1076 469 1138 511 curn

140 534 351 617 comperisset
373 535 643 620 intellegeretque
666 555 700 598 se
719 555 830 616 parem
848 555 915 598 non
933 556 1006 599 esse
1024 535 1136 618 paratis

140 621 346 704 adversariis,
374 622 492 686 statuit
520 621 643 703 aliquid
666 620 730 685 sibi
753 621 882 685 consilii
903 621 982 685 novi
1006 643 1076 686 esse
1096 643 1133 685 ce

139 710 300 793 piendum.
324 710 405 773 duae
429 713 521 773 erant
543 709 623 791 viae,
647 729 711 791 qua
734 730 773 772 ex
791 706 904 791 Medis,
927 709 986 772 ubi
1004 709 1060 774 ille
1079 708 1130 772 hie

140 798 260 879 mabat,
283 797 324 861 ad
347 796 605 861 adversariorum
618 795 829 860 hibernacula
846 800 959 878 posset
977 795 1129 879 perveniri.

105 899 121 946 a
142 906 278 967 quarum
302 884 430 948 brevior
452 905 510 967 per
528 884 600 948 loca
619 883 754 965 deserta,
778 904 859 965 quae
872 905 968 948 nemo
983 883 1127 948 incolebat

140 970 1126 1123 tltelmAtta⁰ttt¹tttttttttfttttt

141 1147 266 1230 giorem
279 1080 431 1211 ehabeqlilat
455 1145 647 1229 anfractum,
669 1145 726 1210 sed
749 1108 819 1210 erati
838 1145 970 1229 copiosa
989 1138 1141 1212 omnium

105 1249 202 1317 aque
226 1256 333 1298 rerum
357 1235 533 1308 abundans.
577 1233 639 1297 hac
666 1233 695 1297 si
721 1233 994 1318 proficisceretur,
1020 1232 1126 1297 intelle

140 1323 240 1408 gebat
271 1322 361 1406 prius
394 1321 593 1386 adversarios
625 1320 802 1385 rescituros
834 1320 873 1385 de
905 1342 964 1385 suo
997 1321 1127 1401 adventu,

141 1431 239 1492 quam
260 1410 330 1493 ipse
349 1410 481 1473 tertiam
499 1413 635 1492 partem*
646 1407 838 1473 confecisset
856 1408 998 1493 itineris3
1020 1409 1070 1473 sin
1084 1427 1126 1491 per

140 1497 212 1560 loca
231 1496 301 1560 sola
315 1497 532 1579 contenderet,
550 1497 703 1580 sperabat
717 1518 752 1560 se
765 1495 1004 1579 imprudentem
1017 1496 1126 1561 hostcn

106 1600 380 1667 roppressurum.
425 1583 465 1646 ad
495 1583 579 1648 hanc
610 1605 679 1647 rem
712 1583 943 1648 conficiendam
974 1581 1127 1668 imperarit

142 1692 239 1753 quam
265 1671 423 1754 plurimos
453 1675 542 1736 utres
567 1675 664 1754 atque
688 1672 787 1736 etiam
810 1671 932 1736 culleos
956 1667 1147 1754 comparari,-

140 1762 216 1841 post
243 1758 323 1823 haec
350 1758 519 1842 pabulum,
550 1763 718 1843 practerea
746 1758 868 1823 cibaria
899 1762 993 1822 cocta
1022 1759 1127 1824 dierum

141 1846 263 1929 decem,
293 1851 452 1928 utquam
476 1847 608 1911 minime
630 1846 724 1911 fieret
746 1846 833 1930 ignis
855 1846 890 1910 in
912 1847 1039 1911 castris.
1079 1845 1127 1910 iter

142 1955 204 2017 quo
223 1934 352 2017 habeat,
371 1956 482 1999 omnes
497 1934 590 1999 celat.
617 1934 664 1998 sic
682 1938 826 2018 paratus,
844 1954 908 2018 qua
922 1935 1127 2014 constituerat,

140 2022 365 2104 proficiscitur.

105 2108 126 2170 9
229 2109 408 2173 Dimidium
430 2109 498 2174 fere
521 2110 663 2192 spatium
684 2108 875 2192 confecerat,
898 2130 972 2174 cum
996 2132 1035 2175 ex
1056 2109 1127 2174 fumo

142 2201 323 2260 castrorum
342 2197 411 2260 eius
431 2196 572 2280 suspicio
591 2197 691 2261 allata
705 2202 756 2261 est
770 2197 810 2261 ad
823 2196 1004 2262 Eumenem
1016 2198 1128 2262 hostem

142 2283 409 2367 appropinquare.
433 2284 627 2348 conveniunt
645 2286 755 2350 duces:
779 2285 955 2368 quaeritur,
973 2286 1051 2369 quid
1064 2303 1128 2369 opus

142 2372 186 2435 sit
218 2370 314 2436 facto.
359 2371 594 2456 intellegebant
622 2393 733 2437 omnes
765 2375 834 2436 tam
861 2372 1009 2437 celeriter
1036 2372 1129 2457 copias

140 2459 286 2542 ipsorum
300 2459 448 2524 contrahi
461 2481 528 2523 non
544 2481 650 2544 posse,
667 2482 765 2544 quam
778 2459 965 2545 Antigonus
987 2461 1129 2526 affuturi

106 2562 122 2608 a
141 2547 319 2612 videbatur.
353 2548 407 2612 hic
426 2547 576 2612 omnibus
600 2547 819 2611 titubantibus
838 2551 871 2612 et
889 2548 928 2611 de
946 2549 1044 2613 rebus
1062 2567 1130 2612 sunr

143 2635 204 2698 mis
228 2636 474 2718 desperantibus
497 2634 660 2700 Eumenes
683 2635 743 2717 ait,
771 2635 799 2700 si
822 2635 1022 2701 celeritatem
1045 2635 1129 2702 velint

142 2721 296 2786 adhibere
319 2727 353 2787 et
375 2723 534 2806 imperata
556 2721 675 2805 facere,
703 2723 789 2806 quod
815 2728 891 2788 ante
913 2745 979 2788 non
1001 2723 1129 2802 fecerint,

142 2829 177 2873 se
200 2830 268 2873 rem
291 2809 523 2892 expediturum.
567 2831 644 2874 nam
667 2810 753 2892 quod
782 2811 840 2874 iter
866 2810 979 2875 diebus
1004 2812 1129 2894 quinque

141 2894 248 2960 hostis
271 2897 428 2962 transisse
450 2901 575 2980 posset,
603 2919 637 2962 se
661 2897 849 2962 effecturum
880 2902 1011 2963 utnon
1039 2899 1129 2964 minus
1159 2896 1160 2900 ’

143 2983 280 3046 totidem
299 2984 423 3048 dierum
437 2985 544 3068 spatio
559 2986 791 3050 retardaretur:
815 3007 914 3068 quare
929 2987 1129 3065 circumirent,

106 3086 123 3133 a
144 3092 218 3135 suas
242 3071 378 3154 quisque
401 3071 608 3137 contraheret
631 3073 749 3157 copias.
790 3073 830 3138 ad
853 3073 1013 3159 Antigoni
1036 3079 1130 3139 auten

143 3156 367 3222 refrenandum
400 3159 558 3243 impetum
590 3161 656 3226 tale
689 3161 776 3244 capit
812 3161 993 3226 consilium.
1039 3165 1130 3227 certos

142 3245 246 3309 mittit
277 3245 424 3310 homines
452 3246 493 3311 ad
523 3247 652 3312 infimos
680 3252 820 3331 montes,
853 3249 908 3330 qui
936 3249 1025 3313 obvii
1053 3250 1132 3315 erant

142 3332 251 3397 itineri
275 3334 540 3417 adversariorum,
563 3335 668 3417 iisque
685 3336 844 3419 praecipit
861 3340 900 3399 ut
917 3336 1023 3420 prima
1040 3331 1139 3416 nocte,

143 3440 239 3501 quam
262 3421 422 3486 latissime
445 3423 581 3504 possint,
604 3423 697 3507 ignes
719 3423 842 3487 faciant
865 3444 962 3505 quam
987 3426 1134 3489 maximos

142 3511 240 3589 atque
262 3507 323 3571 hos
346 3509 484 3572 secunda
506 3508 620 3594 vigilia
643 3509 803 3593 minuant,
830 3510 930 3573 tertia
951 3513 1134 3600 perexiguos
