2324 4020
136 210 199 274 106
438 208 523 264 ιιι.
541 207 703 266 ΑΤΤιιιιι.
733 215 774 265 10.
794 215 836 265 11.

133 358 190 419 aut
212 350 384 439 periculo),
412 353 618 436 habebatque
641 355 812 431 secqu.
837 353 981 420 Gellium
1006 353 1138 440 (lanum,

97 443 299 595 coequalem
322 441 587 524 simillimumque
610 443 668 505 sui.
713 442 776 507 hoc
800 464 928 527 quoque
951 444 1060 509 Attici
1085 445 1137 509 bo

132 532 203 596 nita
184 532 247 596 ιιιι
266 531 457 614 exemplum,
476 529 561 612 quod
580 551 653 594 cum
671 551 719 615 eo,
738 552 834 614 quem
852 553 991 615 puerum
1009 533 1045 597 -in
1062 532 1133 597 ludo

133 623 299 705 cognorat,
276 619 400 682 tadeo
424 618 595 682 coniuncte
617 618 707 702 vixit,
730 623 768 683 ut
790 619 831 683 ed
854 624 1035 686 extremam
1053 625 1131 686 acte

98 711 200 773 rtem
227 707 372 772 amicitia
399 727 510 770 eorum
539 706 683 770 creverit.
728 705 892 772 Antonius
921 713 1045 793 autem,
1073 708 1128 774 etsi

133 800 225 861 tanto
249 795 323 860 odio
346 794 512 858 ferebatur
534 794 568 858 in
591 793 791 879 Ciceronem,
821 800 947 861 utnon
969 797 1127 881 solumei,

134 885 189 948 sed
212 884 312 948 etiam
335 883 484 947 omnibus
508 882 577 946 eius
601 882 713 947 amicis
736 888 824 948 esset
845 884 997 951 inimicus
1018 906 1125 969 eosque
1156 907 1160 960 χ

132 972 230 1037 ιιιιιι
261 971 462 1055 proscribere
491 970 604 1035 multis
635 970 860 1057 hortantibus,
891 977 1004 1038 tamen
1031 973 1122 1054 Attici
1151 1021 1153 1033 ι

133 1082 256 1125 memor
273 1059 337 1123 fuit
355 1057 455 1123 officii
469 1063 502 1123 et
520 1058 559 1142 ei,
582 1080 656 1123 cum
674 1060 873 1146 requisisset,
895 1062 1029 1127 ubinam
1041 1066 1121 1144 esset,
1156 1110 1160 1137 ι

133 1171 191 1214 sua
209 1170 307 1213 manu
326 1147 522 1231 scripsique
542 1147 673 1211 timeret
692 1149 869 1232 statimque
887 1150 929 1214 ad
947 1172 982 1215 se
996 1151 1120 1216 veniret:
1156 1145 1160 1169 ¹

133 1259 167 1302 se
188 1259 262 1302 eum
280 1237 401 1301 eteius
420 1257 516 1300 causa
531 1234 655 1302 Canum
674 1236 712 1300 de
730 1238 990 1321 proscriptorum
1002 1258 1120 1304 numero

132 1327 296 1391 exemisse.
329 1346 367 1389 ao
383 1346 424 1387 ne
443 1324 529 1408 quod
546 1323 727 1407 periculum
745 1324 910 1411 incideret,
933 1328 1020 1410 quod
1036 1329 1120 1392 noctu

98 1415 246 1497 sfiebat,
277 1412 475 1497 praesidium
502 1413 532 1476 ei
559 1412 658 1476 misit.
705 1412 751 1477 sio
779 1412 911 1479 Atticus
943 1416 978 1479 ιιι
1010 1435 1119 1480 summo

132 1503 249 1565 timore
276 1522 342 1564 non
369 1501 474 1566 solum
502 1500 579 1583 sibi,
609 1500 665 1564 sed
692 1501 793 1565 etiam
820 1503 863 1586 ci,
892 1525 988 1586 quem
1011 1501 1120 1569 carissi·
1153 1542 1155 1566 t

132 1612 221 1654 mum
243 1588 394 1672 habebat,
416 1588 577 1671 praesidio
600 1588 664 1653 fuit
689 1591 805 1672 [neque
828 1591 915 1656 enim
934 1613 1011 1656 suae
1029 1591 1120 1658 solum
1149 1630 1157 1657 ι

132 1701 152 1743 ι
183 1697 358 1761 quoquam,
378 1676 534 1740 auxilium
564 1677 662 1759 petiit
694 1677 827 1763 salutis,
860 1679 916 1744 scd
949 1680 1120 1760 coniunctil,
1155 1691 1160 1721 l

131 1771 169 1831 ut
197 1768 366 1850 appareret
392 1765 516 1829 nullam
544 1765 724 1829 seiunctam
755 1766 818 1830 sibi
841 1768 882 1831 ab
906 1789 945 1832 eo
967 1768 1049 1833 velle
1069 1767 1121 1832 for·

97 1861 254 1922 ctunam
300 1853 414 1936 quodsi
442 1854 602 1938 gubernat
604 1875 641 1917 or
668 1856 843 1937 praecipua
871 1856 966 1920 laude
997 1856 1122 1939 effertur,
1155 1888 1157 1896 s

132 1945 329 2028 quinarem
357 1963 396 2005 ex
422 1941 527 2005 hieme
555 1942 700 2024 marique
728 1944 900 2027 scopuloso
928 1949 1049 2031 servat,
1077 1964 1122 2010 cur

130 2054 197 2097 non
219 2030 392 2116 singularis
416 2030 485 2094 eius
509 2029 673 2094 existimet
674 2052 713 2094 ur
734 2032 919 2116 prudentia,
943 2033 1001 2116 qui
1023 2056 1061 2098 ex
1080 2034 1123 2097 tot
1159 2031 1160 2038 '

132 2124 264 2202 tamque
286 2119 440 2203 gravibus
463 2117 614 2202 procellis
638 2119 788 2184 civilibus
811 2121 852 2184 ad
876 2121 1123 2186 incolumitatem
1154 2160 1157 2173 ι

131 2207 300 2292 pervenit?

81 2298 120 2362 11
221 2294 344 2371 Quibus
368 2316 408 2357 ιι
430 2315 484 2357 ma
484 2294 525 2358 lis
548 2299 586 2359 ut
609 2317 643 2360 se
666 2297 812 2380 emersit,
843 2297 927 2361 nihil
957 2298 1045 2362 aliud
1066 2296 1123 2382 egit

132 2406 229 2468 quam
252 2387 409 2465 utquam
434 2383 600 2467 plurimis,
630 2384 764 2485 quibusu
775 2384 871 2449 rebus
898 2390 1025 2471 posset,
1049 2386 1124 2450 esset

133 2473 262 2538 auxilio.
307 2493 381 2536 cum
402 2471 651 2554 proscriptosp
654 2473 783 2537 raemiis
811 2473 1048 2557 imperatorum
1067 2471 1123 2538 ιιι·
1146 2482 1160 2607 Ι

132 2583 192 2646 gus
216 2560 436 2661 conquireret,
458 2580 552 2624 nemo
575 2559 611 2623 in
632 2559 770 2644 Epirum
791 2561 896 2647 venit,
920 2563 972 2627 eui
995 2584 1046 2628 res
1066 2560 1160 2631 ulla

133 2649 283 2714 defuerit.
314 2648 437 2713 nemim
462 2669 529 2712 non
555 2647 602 2711 ibi
628 2652 742 2731 perpet
743 2671 784 2713 uo
813 2650 963 2714 manendi
989 2653 1160 2750 potestas:

97 2737 220 2801 efacta
246 2739 310 2819 est,
343 2737 422 2820 quin
448 2736 548 2800 etiem
574 2741 651 2819 post
677 2737 837 2820 proelium
859 2736 1160 2822 Philippensem.

132 2825 330 2906 teritumquc
354 2823 388 2891 O.
402 2824 509 2890 Cassii
531 2827 564 2888 et
587 2823 631 2888 M.
653 2823 748 2888 Bruti
771 2824 807 2889 L.
825 2824 946 2890 lulium
970 2825 1123 2892 Mocillam

132 2917 225 2996 praet
211 2912 332 2976 terium
354 2916 389 2976 et
410 2913 515 2976 filium
537 2912 606 2976 eius
625 2911 810 2996 Aulumque
830 2913 1033 2998 Torquatum
1054 2917 1123 2980 cete

133 3021 249 3082 rosque
281 3000 353 3100 pari
384 2999 516 3064 fortuna
546 3001 712 3083 perculsos
744 3001 890 3066 instituit
922 3004 1008 3067 tueri
1039 3007 1123 3086 atquc

133 3111 172 3153 ιι
194 3087 340 3171 llpiro'¹
319 3110 360 3153 ιιι
384 3088 492 3152 omnia
516 3086 629 3153 Samot
630 3089 793 3153 hraeciam
817 3092 1006 3174 supportari
1031 3089 1124 3156 iussit
1156 3100 1160 3201 Ι

98 3176 338 3242 ιιιιιιιιιιιι
288 3180 338 3239 ιιι
361 3176 470 3240 omnia
492 3177 644 3260 persequi
662 3181 696 3242 et
713 3199 780 3242 non
797 3179 1026 3244 necessarium
1056 3175 1160 3243 illud

132 3288 232 3330 unum
264 3264 412 3350 intellegi
444 3265 610 3348 volumus,
647 3267 736 3330 illius
772 3265 1005 3332 liberalitatem
1035 3285 1160 3351 neque
1157 3220 1160 3329 l

97 3368 114 3418 4
132 3353 364 3438 temporariam
386 3373 490 3435 neque
513 3317 664 3418 eallirlam
687 3354 796 3418 fuisse.
833 3355 866 3418 id
884 3377 923 3419 ex
941 3355 1023 3439 ipsis
1041 3355 1160 3431 rebus,

132 3464 170 3507 ac
197 3442 399 3525 temporibus
428 3441 564 3505 iudicari
591 3445 715 3527 potest,
743 3444 828 3525 quod
855 3464 921 3506 non
947 3438 1160 3510 florentibus

133 3551 166 3594 ιι
180 3530 291 3594 vendit
277 3530 369 3613 tavit,
384 3529 440 3593 sed
454 3529 585 3594 afflictis
601 3551 728 3614 semper
741 3531 914 3595 succurrit:
938 3532 1131 3617 quiquidem

1155 3814 1160 3867 l

1156 3874 1160 3961 ι
