2324 4020
432 191 465 246 X.
484 191 581 248 DION.
611 199 635 248 8.
655 199 680 246 9.
724 240 732 251 ,
1017 195 1058 258 41

148 333 230 402 Haec
258 337 314 402 ille
343 337 473 401 intuens
497 359 571 401 cum
595 358 691 420 quem
714 337 755 400 ad
778 338 910 402 modurn
933 339 1062 404 sedaret
1081 341 1100 406 8

13 435 36 475 ι
76 421 194 490 nesciret
224 429 259 490 et
291 446 447 508 quorsum
478 425 651 490 evaderent
687 426 831 510 timeret,
869 424 950 491 Call
941 432 1024 491 rorat
1027 451 1061 492 es

10 498 48 597 [ι
77 505 195 597 quidam,
217 513 297 578 civis
315 512 536 596 Atheniensis,
560 513 615 597 qui
639 513 736 577 simul
759 535 833 578 cum
856 536 894 578 eo
914 536 953 578 ex
971 514 1062 580 Pelo·

31 604 46 707 ¹2³,
73 617 197 679 ponncso
220 601 256 665 in
279 599 425 667 Siciliam
447 563 594 684 reneiat,
621 600 782 665 homot
748 606 782 666 et
806 602 941 667 callidus
964 607 999 666 et
1021 605 1062 668 ad

10 694 38 734 ι·
71 683 200 754 aurem
227 693 302 754 aeut
303 710 356 774 us,
383 690 453 754 sine
479 689 547 754 ulla
570 689 728 774 religione
751 711 788 754 ac
811 689 889 773 fide,
917 690 998 755 adiit
1021 692 1062 755 ad

10 784 19 826 Ξ
66 771 194 841 Dionem
221 781 255 842 et
282 778 343 842 ait:
371 800 444 842 eum
467 798 586 862 magno
610 777 645 842 in
667 778 811 860 periculo
835 799 905 843 esse
927 783 1097 863 proptera
1106 850 1110 859 ¹

10 927 13 934 .
65 862 264 930 offensionem
282 867 443 967 populiet
429 866 568 930 tedium
587 865 675 929 milit
661 869 741 948 tum,
760 867 847 949 quod
859 866 950 931 nullo
965 867 1061 932 modo

10 964 13 970 ’
61 953 176 1018 evitare
198 957 320 1038 posset,
342 953 407 1018 nisi
425 954 523 1018 alicui
542 975 675 1018 suorum
692 958 793 1039 negot
794 955 862 1019 ium
881 956 973 1020 daret
959 956 1062 1039 t,qui

59 1061 90 1106 se
104 1041 273 1106 simularet
286 1042 359 1106 illi
350 1041 526 1108 mimicum.
557 1063 653 1125 quem
668 1042 696 1105 si
710 1042 889 1106 invenisset
901 1006 1062 1127 idorieum,

10 1148 15 1185 ι
57 1128 151 1196 facile
169 1130 313 1194 omnium
331 1131 457 1195 animos
477 1130 685 1215 cogniturum
704 1130 970 1214 adversariosque
989 1132 1062 1196 sub-

56 1217 207 1302 laturum,
226 1217 311 1301 quod
329 1218 454 1283 inimici
472 1218 541 1282 cius
560 1217 730 1281 dissidenti
749 1239 825 1282 suos
844 1239 958 1283 sensus
973 1241 1062 1303 aper-

55 1307 121 1370 turi
151 1305 268 1371 forent.
314 1306 374 1370 tali
397 1306 533 1372 consilio
557 1306 697 1388 probato
720 1306 847 1389 excepit
869 1307 929 1370 has
952 1311 1062 1390 partes
1082 1325 1099 1372 3

54 1393 123 1478 ipse
148 1392 340 1460 Callicrates
363 1398 397 1459 et
420 1415 454 1459 se
478 1398 584 1458 armat
611 1394 830 1476 imprudentia
852 1393 977 1458 Dionis.
1023 1396 1064 1458 ad

10 1542 19 1563 ,
54 1503 129 1549 eum
151 1481 414 1547 interficiundum
436 1482 543 1548 socios
567 1481 745 1565 conquirit,
769 1482 971 1547 adversarios
995 1483 1063 1548 eius

10 1572 12 1603 ³
53 1570 216 1654 convenit,
239 1571 461 1636 coniuratione
485 1569 665 1634 confirmat.
699 1591 766 1653 res,
789 1571 901 1634 multis
925 1571 1063 1636 consciis
1083 1589 1099 1636 4

53 1680 137 1742 quae
151 1662 313 1744 ageretur,
331 1659 417 1723 elata
431 1658 575 1724 defertur
589 1658 629 1721 ad
643 1656 904 1743 Aristomachen,
918 1681 1064 1724 sororem

52 1744 185 1829 Dionis,
212 1768 409 1830 uxoremque
436 1746 569 1812 Areten
614 1745 690 1811 illae
720 1746 838 1810 timore
870 1747 1063 1830 perterritae

55 1834 261 1918 conveniunt,
283 1835 374 1900 cuius
397 1835 436 1900 de
458 1835 603 1917 periculo
627 1834 796 1898 timebant.
834 1839 869 1898 at
891 1834 946 1898 ille
964 1833 1064 1920 negat

54 1944 75 1988 a
96 1921 272 1989 Callicrate
295 1923 366 1988 fieri
389 1923 453 1987 sibi
475 1923 624 2005 insidias,
652 1923 708 1986 sed
731 1921 804 2005 illa,
827 1943 909 2005 quae
934 1943 1064 2006 ageren-

54 2015 118 2094 tur,
141 2011 212 2076 fieri
233 2016 407 2095 praecepto
431 2033 499 2075 suo.
540 2010 692 2074 mulieres
715 2009 818 2074 nihilo
842 2008 943 2074 setius
968 2007 1098 2076 Calli-5

55 2102 180 2164 cratem
193 2099 228 2163 in
242 2100 353 2165 aedem
362 2098 577 2184 Proserpinae
591 2098 753 2163 deducunt
762 2119 800 2162 ac
814 2097 920 2162 iurare
934 2102 1064 2183 cogunt,

53 2186 139 2252 nihil
167 2188 208 2251 ab
235 2187 293 2251 illo
320 2187 456 2272 periculi
483 2186 553 2250 fore
580 2185 688 2250 Dioni.
734 2186 790 2250 ille
817 2186 879 2250 hac
907 2186 1064 2271 religione

10 2324 20 2337 .
55 2297 122 2340 non
140 2275 236 2340 modo
254 2296 320 2340 non
339 2279 389 2339 est
407 2274 592 2357 deterritus,
614 2274 671 2338 sed
690 2274 730 2337 ad
744 2274 973 2338 maturandum
992 2296 1064 2339 eon-

10 2382 20 2401 *
56 2363 178 2429 citatus
197 2367 257 2446 est,
274 2385 388 2429 verens
406 2384 446 2428 ne
465 2364 555 2448 prius
574 2361 747 2426 consilium
765 2363 946 2446 aperiretur
961 2383 1064 2444 suunr,

10 2496 21 2531 ς
56 2472 155 2534 qoam
179 2451 324 2536 cogitata
346 2450 545 2534 perfecisset.

145 2537 217 2604 Hac
243 2544 351 2603 mente
379 2539 528 2622 proximo
556 2538 607 2602 die
635 2537 735 2620 festo,
765 2559 838 2602 cum
861 2559 880 2600 a
904 2539 1102 2601 conventu9

10 2658 16 2665 ·
56 2648 91 2692 se
110 2631 272 2692 remotum
286 2626 373 2691 Dion
391 2627 479 2691 dorni
498 2629 624 2691 teneret
643 2629 741 2708 atque
760 2625 794 2688 in
813 2625 957 2689 conclavi
977 2625 1063 2689 edito

11 2726 20 2737 ‘
55 2714 272 2799 recubuisset,
305 2715 443 2780 consciis
467 2713 621 2779 facinoris
648 2714 720 2777 loca
748 2713 925 2777 munitiora
953 2714 1064 2797 oppidi

56 2802 178 2886 tradit,
209 2803 341 2867 domum
373 2802 529 2868 custodiis
562 2801 684 2886 saepit,
717 2824 736 2864 a
763 2800 888 2865 foribus
917 2802 973 2884 qui
999 2823 1065 2866 non

56 2891 238 2975 discedant,
268 2895 373 2956 certos
401 2890 562 2974 praeficit,
590 2911 707 2954 navem
735 2888 901 2954 triremem
929 2891 1101 2954 armatior

17 3050 20 3055 ,
56 2983 154 3044 ornat
185 2978 467 3062 Philostratoque,
497 2977 594 3042 fratri
624 2999 699 3059 suo,
731 2977 832 3040 tradit
865 2999 998 3060 eamque
1031 2978 1065 3041 in

10 3101 19 3109 -
56 3071 156 3151 portu
179 3067 305 3152 agitare
329 3067 430 3150 iubet,
453 3070 490 3131 ut
513 3066 541 3130 si
564 3087 711 3130 exercere
730 3065 870 3151 remiges
889 3066 997 3149 vellet,
1015 3088 1065 3130 co·

57 3156 177 3242 gitans,
195 3155 224 3218 si
242 3153 327 3219 forte
343 3154 487 3219 consiliis
503 3152 688 3218 obstitisset
706 3152 847 3236 fortuna,
866 3158 904 3217 ut
922 3153 1065 3237 haberet,

10 3280 21 3319 :
58 3265 123 3327 qua
145 3242 316 3328 aufugeret
339 3242 379 3306 ad
407 3243 555 3307 salutem.
601 3262 733 3306 suorum
757 3245 866 3305 autern
890 3264 907 3306 e
929 3263 1064 3306 numero
1084 3257 1100 3305 3

10 3369 22 3408 2
56 3330 255 3416 Zacynthios
278 3330 499 3395 adulescentes
523 3329 679 3412 quosdam
703 3328 796 3413 eligit
820 3351 893 3395 cum
923 3328 1065 3393 audacis-

10 3460 22 3498 ,ι
57 3421 160 3484 simos
183 3423 254 3483 tum
277 3418 400 3483 viribus
424 3417 588 3502 maximis,
611 3417 715 3500 iisque
739 3417 795 3480 dat
817 3417 1001 3500 negotium,
1024 3424 1065 3479 ad

20 3534 30 3633 p
55 3507 197 3573 Dionem
222 3508 298 3571 eant
319 3504 473 3584 inermes,
504 3507 550 3570 sic
572 3510 610 3569 ut
634 3504 842 3570 conveniendi
865 3503 933 3567 eius
957 3502 1065 3586 gratia
