2324 4020
120 241 163 305 48
421 238 733 295 X111.T1MOTHEUS.
762 246 786 296 a.
806 249 831 295 4.

121 386 271 470 suspicax
291 385 331 449 ob
351 405 487 468 eamque
509 406 578 448 rem
601 384 742 468 mobilis,
766 383 980 470 adversarius,
1004 387 1126 453 invidus

121 472 256 559 (etenim
292 473 440 556 potentia
471 473 506 536 in
538 473 660 536 crimen
694 469 885 559 vocabatur)
918 474 1054 540 domum
1084 498 1126 541 re

120 566 229 628 vocat:
259 565 453 626 accusantur
479 560 684 643 proditionis.
729 559 792 625 hoe
814 560 934 626 iudicio
958 563 1125 630 damnatur

119 649 310 715 Timotheus
328 650 434 733 lisque
454 649 522 712 eius
541 649 733 713 aestimatur
748 653 878 713 centum
897 649 1043 716 talentis.
1074 652 1125 717 ille

120 739 194 803 odio
217 739 366 822 ingratae
390 737 533 801 civitatis
556 741 688 801 exactus
712 735 899 803 Chalcidem
923 759 958 804 se
981 740 1122 806 contulit

84 827 105 889 4
208 825 315 890 Huius
328 828 405 909 post
420 827 559 889 mortem
573 847 647 890 oum
660 825 817 908 populum
832 825 943 891 iudicii
958 828 1009 892 sui
1023 828 1122 912 paeni

119 919 213 997 teret,
237 913 358 977 multae
381 934 498 977 novem
520 917 630 997 partes
654 913 797 978 detraxit
819 917 857 978 et
875 915 986 979 decem
1006 917 1121 982 talenta

120 1000 294 1085 Cononem,
317 1001 421 1064 filium
445 1001 527 1084 eius,
550 1000 591 1066 ad
614 1002 699 1065 muri
722 1001 884 1084 quandam
906 1007 1036 1086 partem
1058 1005 1121 1070 reli·

119 1090 265 1154 ciendam
288 1089 385 1153 iussit
407 1089 491 1152 dare.
527 1089 563 1152 in
581 1111 645 1172 quo
663 1088 814 1154 fortunae
832 1090 973 1155 varietas
994 1097 1045 1158 est
1063 1093 1120 1159 ani·

119 1178 295 1242 madversa.
330 1199 407 1242 nam
431 1198 512 1260 quos
537 1199 614 1241 avus
636 1176 775 1258 [Conon]
796 1200 905 1243 muros
925 1201 964 1243 ex
982 1179 1135 1247 hostium-

118 1267 238 1350 praeda
259 1266 385 1350 patriae
408 1265 606 1350 restituerat,
631 1266 761 1330 eosdem
783 1287 884 1350 nepos
904 1289 977 1332 cum
1002 1291 1120 1335 summa

119 1354 299 1439 ignominia
321 1353 464 1417 familiae
483 1374 522 1418 ex
541 1375 600 1418 sua
618 1375 652 1418 re
671 1353 826 1417 familiari
845 1355 975 1420 reficere
995 1361 1119 1423 coactus

84 1446 177 1506 aest.
227 1441 391 1505 Timothei
425 1445 535 1504 autem
569 1442 754 1506 moderatae
787 1442 1009 1527 sapientisque
1040 1446 1119 1511 vitae

119 1552 192 1594 oum
214 1530 369 1613 pleraque
391 1529 555 1613 possimus
577 1530 722 1613 proferre
745 1530 949 1615 testimonia,
979 1554 1044 1598 uno
1068 1535 1119 1598 eri·

119 1639 191 1681 mus
215 1617 369 1700 contenti,
393 1616 479 1700 quod
502 1640 541 1681 ex
565 1639 602 1681 eo
626 1618 721 1682 facile
745 1618 849 1682 conici
871 1619 1005 1705 poterit,
1028 1642 1119 1705 quam

119 1728 212 1770 carus
232 1706 299 1770 suis
318 1705 425 1769 fuerit.
462 1727 535 1769 cum
554 1705 694 1770 Athenis
712 1706 974 1772 'adulescentulus
995 1706 1118 1775 causan

118 1794 252 1878 diceret,
274 1815 340 1858 non
363 1794 469 1858 solum
493 1793 588 1858 amici
610 1794 794 1877 privatique
816 1793 963 1877 hospites
988 1797 1030 1861 ad
1052 1818 1131 1883 eunr

118 1882 351 1948 defendendum
382 1885 617 1965 convenerunt,
655 1882 711 1946 sed
742 1881 841 1945 etiam
873 1882 986 1948 ineis
1020 1884 1118 1971 Iason,

118 1974 276 2054 tyrannus
304 1969 503 2054 Thessaliae,
536 1970 591 2053 qui
623 1970 680 2034 illo
711 1974 857 2052 tempore
886 1969 952 2034 fuit
979 1966 1129 2039 omnium

82 2059 374 2142 spotentissimus.
415 2058 469 2122 hie
492 2080 566 2122 cum
588 2058 624 2121 in
645 2058 753 2141 patria
776 2057 845 2122 sine
869 2058 1067 2126 satellitibus
1088 2082 1117 2127 sc

119 2151 228 2210 tutum
253 2168 319 2210 non
346 2146 574 2228 arbitraretur,
603 2144 750 2210 Athenas
778 2145 847 2210 sine
871 2147 938 2211 ullo
961 2149 1116 2232 praesidio

117 2234 207 2297 venit
238 2233 387 2316 tantique
419 2232 584 2315 hospitem
615 2232 706 2316 fecit,
737 2236 775 2296 ut
803 2233 916 2298 mallet
944 2255 978 2299 se
1008 2235 1115 2321 capitis
1151 2262 1154 2270 “

116 2321 295 2404 periculum
323 2321 410 2384 adire
439 2342 536 2404 quam
563 2319 735 2385 Timotheo
763 2321 803 2384 de
835 2321 923 2386 fama
955 2322 1115 2390 dimicanti

117 2409 235 2475 deesse.
267 2410 354 2474 hunc
372 2408 524 2474 adversus
543 2413 653 2473 tamen
667 2408 858 2473 Timotheus
876 2414 994 2493 postea
1011 2409 1115 2497 populi
1151 2430 1158 2465 -¹

116 2498 208 2563 iussu
226 2499 348 2563 bellum
367 2497 485 2583 gessit:
507 2497 632 2581 patriae
651 2498 732 2561 caim
751 2498 916 2562 sanctiora
934 2499 1007 2563 iura
1027 2520 1114 2584 quan

115 2586 251 2671 hospitii
275 2608 345 2651 esse
368 2587 468 2650 duxit.
741 2608 744 2615 ¹
1155 2602 1156 2607 ’

82 2691 97 2735 r
204 2673 293 2739 Haec
315 2678 460 2738 extrema
486 2672 550 2738 fuit
573 2677 663 2736 aetas
690 2673 923 2756 imperatorum
946 2673 1115 2741 Athenien

117 2761 209 2844 sium,
219 2760 404 2845 Iphicratis,
414 2760 582 2843 Chabriae,
596 2760 769 2844 Timothei,
782 2782 886 2844 neque
900 2766 977 2845 post
991 2763 1115 2829 illorum
1155 2832 1156 2837 ,

117 2849 243 2913 obitum
262 2849 433 2932 quisquam
451 2850 516 2912 dux
533 2849 568 2912 in
581 2848 638 2912 illa
652 2848 731 2912 urbe
745 2847 809 2912 fuit
823 2849 940 2934 dignus
955 2851 1113 2917 memoris

81 2951 96 3000 5
204 2936 309 3001 Venio
341 2958 426 3001 nunc
459 2936 498 3000 ad
534 2935 751 3000 fortissimum
783 2936 889 3001 virum
925 2938 1060 3003 maximi
1081 2958 1114 3004 uc

116 3025 242 3088 consilii
266 3025 409 3089 omnium
432 3024 655 3107 barbarorum,
677 3025 820 3108 exceptis
839 3024 964 3090 duobus
983 3025 1068 3091 Kart

79 3112 325 3265 ⁶tllllll⁵’
343 3112 787 3265 lttltttldtllh
810 3113 1013 3286 lllltll
1027 3115 1158 3267 tlt-³

116 3310 177 3370 que
201 3292 234 3354 et
258 3252 308 3373 ea,
332 3223 414 3371 duae
436 3309 590 3373 prospere
613 3289 643 3351 ei
667 3292 849 3373 cesserunt,
871 3309 937 3352 non
961 3226 1116 3376 magnitu-

115 3377 188 3441 dine
203 3377 378 3461 copiarum,
401 3377 457 3441 sed
475 3376 611 3460 consilii,
633 3398 696 3459 quo
716 3381 787 3440 tum
806 3398 917 3440 omnes
937 3378 1115 3461 superabat,

115 3464 313 3529 aeciderunt:
337 3486 474 3548 quorum
496 3465 560 3530 nisi
584 3464 668 3528 ratio
688 3465 848 3547 explicata
868 3463 975 3548 fuerit,
999 3484 1053 3531 res
1067 3487 1115 3549 ap

115 3572 227 3633 parere
249 3575 315 3618 non
337 3557 500 3637 poterunt.
1083 3560 1087 3567 '
1109 3566 1112 3571 ’

518 3675 723 3688 Ἢν,
