2324 4020
128 226 170 292 52
445 223 518 280 XIV.
537 222 719 279 DATAMES.
747 229 771 277 5.
791 230 816 279 6.

128 371 315 453 amicitiam,
338 391 469 433 manum
488 372 664 452 comparat,
681 369 779 432 urbes
798 368 941 433 munitas
962 368 1032 434 suis
1050 373 1135 434 tuen·

128 460 185 523 das
209 459 319 522 tradit.

93 547 113 611 6
216 545 279 611 Sed
298 545 379 610 haec
396 549 531 629 propter
548 544 687 608 hiemale
706 549 835 628 tempus
855 544 962 608 minus
981 566 1132 630 prospero

127 635 353 719 procedebam.
395 633 486 697 audit
508 632 635 697 Pisidas
659 633 817 715 quosdam
841 632 951 716 copias
982 634 1130 699 adversus

129 745 308 807 separare.
348 721 452 785 filium
476 742 513 786 eo
536 720 731 785 Arsidaeum
754 742 827 785 cum
851 721 995 786 exercitu
1019 722 1129 805 mittit,

129 811 215 877 cadit
237 812 273 874 in
290 809 415 894 proelio
434 809 631 873 adulescens.
662 808 883 892 proficiscitur
901 830 939 874 eo
958 812 1054 893 pater
1070 830 1128 875 non

129 900 176 963 ita
199 918 414 983 magnacum
437 919 549 980 manu,
577 896 699 980 celans,
727 901 885 980 quantum
908 897 1027 962 vulnus
1051 918 1126 963 acoe-

128 988 241 1071 pisset,
259 985 345 1068 quod
362 985 452 1069 prius
472 986 513 1049 ad
530 984 660 1049 hostem
673 984 840 1068 pervenire
855 984 1017 1070 cupiebat,
1040 989 1140 1070 quam*

129 1075 168 1139 de
191 1074 275 1138 male
298 1095 332 1138 re
355 1076 449 1157 gesta
471 1072 559 1137 fama
577 1072 617 1136 ad
636 1093 712 1137 suos
730 1073 923 1156 perveniret,
945 1094 987 1138 ne
1006 1074 1125 1160 cognita

94 1181 110 1228 2
129 1162 189 1226 filii
211 1166 317 1227 morte
341 1161 440 1225 animi
463 1160 712 1226 debilitarentur
735 1160 886 1224 militum.
924 1183 988 1244 quo
1008 1165 1124 1228 conten·
1154 1191 1157 1221 l

130 1251 236 1335 derat,
267 1250 414 1334 pervenit
445 1249 550 1333 iisque
578 1249 658 1313 locis
687 1251 795 1313 castra
826 1248 933 1332 ponit,
964 1253 1003 1314 ut
1034 1270 1124 1334 nequo

130 1339 294 1404 circumiri
317 1337 525 1402 multitudine
550 1336 808 1400 adversariorum
826 1340 939 1420 posset
957 1359 1061 1422 neque
1077 1337 1124 1402 in·
1153 1370 1162 1397 e

6 1426 13 1432 ’
129 1427 243 1510 pediri,
265 1425 438 1507 quominus
461 1425 531 1508 ipse
555 1425 595 1488 ad
613 1424 830 1492 dimicandum
851 1446 984 1490 manum
1002 1426 1124 1491 haberet
1152 1399 1162 1548 ἓ

95 1513 322 1597 aerpeditam.
368 1517 438 1576 erat
461 1533 534 1577 cum
557 1535 595 1577 eo
619 1511 913 1596 Mithrobarzanes,
941 1535 1033 1579 socer
1060 1514 1124 1597 eius,
1152 1545 1162 1571 s

130 1601 313 1686 praefectus
346 1600 501 1683 equitum.
552 1601 580 1664 is
613 1600 791 1683 desperatis
825 1601 936 1684 generi
968 1601 1065 1667 rebus
1093 1599 1124 1666 ad
1152 1640 1155 1645 ==

130 1690 243 1754 hostes
266 1687 453 1773 transfugit.
498 1687 531 1751 id
553 1687 710 1752 Datames
733 1693 771 1752 ut
799 1688 938 1773 audivit,
966 1690 1080 1776 sensit,
1103 1687 1124 1755 si
1153 1721 1162 1751 a

131 1779 165 1842 in
192 1777 323 1842 turbam
350 1777 471 1841 exisset
497 1777 538 1840 ab
565 1776 697 1840 homine
724 1775 794 1840 tani
820 1778 1004 1843 necessario
1028 1800 1063 1843 se
1088 1798 1124 1842 re
1153 1809 1162 1842 s

131 1866 255 1949 lictum,
277 1865 423 1929 futurum
446 1867 484 1928 ut
507 1865 607 1930 ceteri
624 1865 703 1928 idem
722 1863 894 1929 consilium
913 1870 1124 1949 sequerentur,

96 1956 233 2036 citaque
254 1954 290 2018 in
311 1954 429 2038 vulgus
453 1952 520 2017 edit
544 1974 602 2016 suo
631 1953 723 2016 iussu
746 1950 1046 2020 Mithrobarzanem
1066 1972 1125 2039 pro
1159 1997 1162 2012 .

131 2041 253 2107 fectum
275 2063 334 2124 pro
357 2040 507 2125 perfuga,
531 2062 594 2124 quo
617 2040 745 2104 facilius
768 2043 917 2124 receptus
940 2041 1126 2109 interficeret
1158 2089 1159 2092 ,

131 2129 257 2194 hostes:
289 2149 387 2211 quare
420 2127 560 2211 relinqui
588 2150 662 2192 eum
688 2150 748 2211 par
774 2148 840 2191 non
867 2150 937 2194 esse
965 2134 999 2194 et
1028 2148 1125 2196 omnes
1153 2159 1162 2194 s

133 2216 305 2281 confestim
328 2216 428 2298 sequi.
465 2214 551 2298 quod
570 2216 598 2279 si
617 2216 725 2280 animo
750 2221 881 2281 strenuo
905 2215 1069 2304 fecissent,
1089 2217 1125 2282 lu·
1153 2194 1162 2252 Ι

132 2308 242 2368 turum
269 2305 307 2366 ut
335 2303 510 2367 adversarii
540 2323 607 2367 non
638 2307 773 2386 possent
804 2305 971 2389 resistere,
1004 2308 1125 2371 cumet

98 2392 220 2456 tintra
251 2390 373 2456 vallum
401 2394 435 2454 et
466 2389 546 2455 foris
579 2391 796 2456 caederentur.
840 2391 902 2458 hac
933 2414 969 2459 re
1000 2395 1126 2479 probate

133 2480 310 2546 exercitum
341 2479 467 2562 educit,
498 2477 795 2544 Mithrobarzanem
826 2482 1052 2567 persequitur,
1081 2479 1126 2566 qui

132 2573 262 2633 tantum
276 2568 362 2651 quod
379 2567 420 2632 ad
438 2567 550 2632 hostes
569 2571 768 2651 pervenerat,
786 2589 855 2632 cum
869 2567 1026 2636 Datames
1045 2571 1125 2656 siguo

98 2673 113 2720 c
133 2656 245 2721 inferri
267 2656 367 2720 iubet.
404 2654 531 2720 Pisidae
554 2678 638 2720 nova
660 2678 695 2720 re
719 2657 874 2720 commoti
897 2657 931 2721 in
953 2658 1125 2742 opinionon
1160 2700 1161 2728 l

132 2744 333 2809 adducuntur
359 2743 512 2828 perfugas
541 2744 627 2808 mala
653 2744 716 2808 fide
744 2745 990 2828 compositoque
1013 2746 1124 2827 secisse,
1157 2788 1162 2798 .

133 2837 170 2896 ut
192 2830 315 2914 recepti
338 2831 454 2895 maiori
476 2837 585 2896 essent
605 2832 794 2896 calamitati.
830 2833 972 2916 primum
991 2856 1048 2900 eos
1066 2833 1125 2900 ado

133 2921 269 2983 riuntur.
300 2919 350 2981 illi
369 2940 451 3002 cum,
471 2920 547 3002 quid
566 2924 717 3005 ageretur
735 2923 793 2983 aut
811 2942 910 3003 quare
928 2921 1032 3007 fieret,
1050 2922 1126 3009 igno
1151 2956 1152 2959 ¹

134 3011 255 3090 rorent,
283 3007 388 3072 coacti
415 3012 491 3071 sunt
514 3030 587 3072 curn
609 3008 650 3071 iis
677 3029 835 3093 pugnare,
859 3009 899 3073 ad
927 3031 1009 3092 quos
1036 3015 1126 3076 trane
1152 3039 1161 3061 ==

134 3095 247 3178 ierant,
269 3095 310 3158 ab
333 3095 437 3178 iisque
464 3099 560 3180 stare,
583 3116 664 3179 quos
687 3096 900 3179 reliquerant:
925 3098 1043 3181 quibus
1067 3115 1125 3165 cun
1158 3141 1162 3159 ..

99 3199 113 3246 t
134 3183 241 3247 neutri
264 3189 442 3267 parcerent,
466 3183 614 3247 celeriter
637 3187 714 3248 sunt
732 3185 861 3249 concisi.
898 3185 1041 3269 reliquos
1060 3183 1125 3251 Pisi
1159 3230 1160 3253 i

134 3271 190 3335 das
214 3272 403 3336 resistentes
421 3270 577 3335 Datames
600 3272 737 3336 invadit:
759 3273 865 3355 primo
889 3273 1016 3357 impetu
1038 3271 1126 3359 pellit.

134 3359 296 3442 fugientes
314 3359 529 3442 persequitur,
548 3359 668 3425 multos
687 3361 851 3444 interficit,
870 3364 977 3425 castra
995 3361 1126 3429 hostium

99 3447 231 3529 coepit.
277 3447 337 3510 tali
364 3446 499 3510 consilio
527 3467 591 3511 uno
619 3451 765 3532 tompore
793 3454 827 3512 et
857 3449 1042 3532 proditores
1071 3466 1127 3535 per
1158 3493 1162 3520 r

135 3533 215 3597 culit
233 3537 267 3598 et
284 3534 397 3598 hostes
415 3534 611 3619 profligavit,
634 3540 675 3616 et,
695 3536 780 3618 quod
800 3536 840 3600 ad
858 3537 1035 3620 pernicicm
1050 3555 1128 3604 suom
1159 3580 1161 3605 l
