2324 4020
343 217 608 273 xxv.ATT10Us
637 223 678 272 11.
699 225 739 273 ιι.
985 217 1048 282 107

57 355 231 445 Serviliam,
262 360 358 426 Bruti
389 365 541 448 matrem,
572 385 638 427 non
670 364 776 428 minus
807 367 884 447 post
911 368 1051 428 mortem

57 447 114 514 eius
143 471 242 533 quam
268 449 385 514 florent
371 454 438 514 tem
467 451 612 516 coluerit.
657 452 704 516 sic
731 452 874 516 liberalit
860 456 927 516 tate
954 455 1085 516 utenss

57 537 151 602 nullas
174 537 361 603 inimicitias
385 539 502 623 gessit,
533 539 618 622 quod
644 561 748 623 neque
770 540 920 604 laedebat
943 562 1051 622 quem-

58 644 144 707 quam
165 647 283 709 neque,
307 626 335 691 si
359 647 456 709 quam
478 627 632 692 iniuriam
656 632 837 712 acceperat,
865 650 932 693 non
954 628 1051 692 male·

57 711 104 778 bat
126 714 277 780 oblivisci
300 736 397 797 quam
419 714 541 781 ulcisci.
584 716 670 780 idem
693 717 871 780 immortali
894 716 1051 782 memoria

57 805 200 886 percepta
222 803 384 867 retinebat
406 803 576 888 beneficia3
603 826 685 887 quae
709 809 818 869 autem
840 805 909 888 ipse
932 804 1052 868 tribue·

57 895 112 975 rat,
136 895 205 956 tam
229 891 283 956 diu
305 891 511 976 meminerat,
539 893 646 975 quoad
668 893 723 957 ille
747 897 861 978 gratus
884 896 968 976 erat,
996 892 1052 976 qui

57 984 223 1064 acceperat.
264 980 374 1063 itaque
397 979 450 1044 hic
480 979 559 1045 fecit
587 984 626 1045 ut
647 1003 721 1045 vere
744 982 867 1046 dictum
889 981 1085 1047 videatur:o

109 1100 167 1168 Sui
189 1100 304 1186 cuique
327 1125 433 1169 mores
456 1100 587 1188 fingunt
609 1103 776 1169 fortunam
798 1105 994 1170 hominibus.

57 1264 149 1328 reque
173 1248 283 1309 tamen
304 1245 360 1309 ille
381 1245 472 1329 prius
495 1243 661 1310 fortunam
684 1267 782 1329 quam
805 1266 839 1310 se
859 1245 929 1329 ipse
947 1246 1051 1331 finxit,

57 1333 102 1416 qui
126 1333 213 1398 cavit
234 1354 362 1416 nequa
383 1333 419 1398 in
440 1355 475 1398 re
498 1332 566 1396 iure
589 1333 794 1417 plecteretur.

134 1420 196 1485 His
219 1420 321 1506 igitur
344 1421 440 1486 rebus
464 1419 571 1486 effecit
588 1426 626 1486 ut
644 1419 687 1486 M.
701 1421 879 1506 Vipsanius
893 1420 1050 1507 Agrippa,
1063 1423 1103 1488 12

57 1510 164 1575 ntima
194 1507 418 1574 familiaritate
454 1509 644 1575 coniunctus
681 1510 879 1575 adulescenti
911 1509 1052 1596 Caesari,

57 1618 120 1664 :um
155 1602 290 1682 propter
321 1619 413 1663 suam
442 1597 585 1683 gratiam
620 1604 654 1662 et
686 1597 834 1664 Caesaris
869 1600 1051 1683 potentiam

57 1686 168 1752 rullius
198 1686 394 1751 condicionis
423 1708 489 1750 non
515 1685 650 1750 haberet
676 1690 889 1772 potestatem,
922 1688 1052 1771 potissi-

57 1797 136 1840 num
155 1774 224 1839 eius
243 1775 398 1860 deligeret
421 1773 615 1838 affinitatem
636 1779 908 1859 praeoptaretque
932 1776 1050 1858 equitis

57 1861 186 1928 Romani
217 1863 319 1926 filiam
351 1884 582 1948 generosarum
615 1863 748 1946 nuptiis.
803 1867 900 1947 atque
935 1863 1085 1927 haruma

57 1952 234 2036 nuptiarum
262 1951 453 2016 conciliator
479 1950 543 2016 fuit
570 1947 649 2036 (non
676 1955 726 2015 est
753 1951 839 2016 enim
869 1949 1050 2037 celandum)

57 2038 90 2104 u.
113 2039 290 2124 Antonius,
322 2039 528 2104 triumvirum
560 2039 608 2103 rei
639 2038 787 2122 publicae
819 2041 1051 2105 constituendae.

57 2130 137 2194 euius
157 2128 265 2213 gratia
283 2149 356 2192 cum
375 2148 493 2213 augere
511 2127 732 2212 possessiones
750 2132 863 2211 posset
879 2148 964 2212 suas,
981 2131 1051 2192 tan-

57 2222 118 2281 tum
141 2216 225 2280 aluit
247 2238 267 2280 a
289 2214 467 2299 cupiditate
489 2216 657 2299 pecuniae,
686 2221 724 2279 ut
746 2216 837 2280 nulla
858 2216 894 2280 ιιι
915 2238 950 2281 re
972 2238 1050 2280 usus

57 2305 93 2369 sit
115 2326 153 2369 ea
175 2304 240 2369 nisi
262 2303 297 2367 ιιι
319 2304 527 2388 deprecandis
551 2304 728 2369 amicorum
747 2308 805 2369 aut
822 2305 976 2389 periculis
994 2309 1051 2369 aut

57 2392 269 2458 ncommodis.
304 2392 389 2475 quod
408 2392 538 2475 quidem
556 2393 616 2456 sub
635 2392 707 2476 ipsa
728 2394 966 2476 proscriptione
981 2414 1051 2476 per·
1069 2408 1084 2456 3

57 2481 174 2546 dlustre
209 2479 282 2544 fuit.
335 2502 411 2544 nam
441 2501 515 2545 cum
542 2478 578 2544 L.
607 2478 716 2546 Saufei
748 2480 868 2563 equitis
903 2480 1050 2564 Romani,

57 2569 191 2653 requalis
211 2569 269 2652 sui,
292 2568 349 2652 qui
368 2568 548 2652 complures
567 2590 668 2633 annos
687 2568 795 2633 studio
814 2568 929 2632 ductus
947 2567 1050 2652 philo·

57 2657 180 2742 sophiae
207 2657 380 2721 habitabat
402 2655 540 2721 Athenis
567 2657 773 2740 habebatque
800 2656 834 2721 in
856 2655 955 2720 Italia
981 2677 1051 2740 pre

57 2747 149 2811 :iosas
171 2745 401 2830 possessiones,
423 2745 553 2810 tresviri
575 2747 661 2810 bona
683 2744 902 2809 vendidissent
920 2766 1051 2810 consue-

57 2835 158 2900 udine
172 2856 218 2918 ea,
238 2837 390 2916 quatum
409 2855 460 2899 res
481 2834 685 2920 gerebantur,
704 2832 808 2898 Attici
822 2834 933 2898 labore
952 2837 1050 2916 atque

57 2922 207 2988 ndustria
228 2922 352 2987 factum
376 2926 486 2987 estut
509 2922 620 2986 eodem
642 2922 757 2987 nuntio
786 2920 934 2986 Saufeius
957 2922 1051 2986 fieret

57 3012 165 3077 tortior
188 3033 222 3076 se
244 3011 478 3095 patrimonium
496 3010 644 3075 amisisse
663 3014 696 3074 et
714 3032 929 3094 recuperasse.
964 3009 1050 3075 idem
1068 3027 1085 3073 4

57 3099 81 3165 b.
107 3099 228 3165 Iulium
256 3097 417 3183 Calidum,
454 3120 550 3182 quem
585 3101 662 3182 post
693 3097 837 3164 Lucretii
865 3097 1049 3181 Catullique

57 3193 185 3253 nortem
199 3188 303 3252 multo
323 3187 600 3273 elegantissimum
618 3190 750 3270 potitam
768 3190 916 3251 nostram
934 3186 1049 3250 tulisse

57 3281 188 3342 tetatem
215 3297 288 3340 vere
316 3276 426 3341 videor
453 3296 548 3359 posse
576 3278 652 3339 cont
638 3275 782 3357 tendere,
810 3296 914 3358 neque
942 3273 1048 3336 minus

57 3365 150 3430 u'rum
173 3365 295 3443 bonum
318 3364 514 3514 optimisque
537 3363 663 3427 artibus
686 3326 856 3445 eruditum,
878 3364 955 3445 post
977 3381 1050 3442 pro·

57 3438 256 3537 criptionem
284 3452 429 3552 equitum
455 3456 589 3535 propter
618 3471 753 3535 magnas
781 3451 850 3514 eius
876 3447 1048 3512 Africanas

57 3541 266 3608 »ossessiones
285 3541 320 3604 in
332 3540 588 3624 proscriptorum
601 3560 771 3603 numerum
785 3559 805 3601 a
818 3536 853 3600 P
863 3534 1049 3617 Volumnio,
