2324 4020
356 210 378 267 1.
400 210 603 266 MILTIADES.
631 218 656 267 4.
676 218 701 266 ὃ.
1014 213 1036 276 5

28 360 94 420 tam
117 310 300 438 propinquo
324 359 456 438 tamque
480 376 598 440 magno
620 355 762 439 permoti
783 355 939 419 auxilium
961 376 1036 418 nus-

28 464 125 528 quam
146 443 211 506 nisi
234 465 255 507 a
276 441 541 508 Lacedaemoniis
565 443 752 526 petiverunt
774 442 1035 526 Phidippumque

28 552 192 596 cursorem
219 531 288 595 eius
316 531 457 617 generis,
489 531 547 614 qui
575 531 841 595 hemerodromoe
868 534 1035 614 vocantur,

10 617 301 684 Lacedaemonem
319 619 487 703 miserunt,
509 623 547 683 ut
563 619 731 684 nuntiaret
750 641 848 703 quam
866 618 1034 683 celerrimo

10 722 108 791 &opus
123 726 193 771 esse
208 706 338 771 auxilio.
371 706 458 771 domi
475 711 586 770 autem
600 711 711 772 creant
730 707 841 771 decem
858 710 1034 790 praetores,
1052 724 1070 772 a

10 788 84 878 }qui
106 794 263 859 exercitui
284 798 481 879 praeessent,
503 795 602 858 ineis
621 793 812 859 Miltiadem.
846 795 934 858 inter
952 815 1034 877 quos
1130 847 1133 852 .

10 904 146 969 ,magna
167 881 233 947 fuit
251 883 427 966 contentio,
449 886 561 947 utrum
584 883 753 948 moenibus
776 904 807 948 se
827 881 1035 946 defenderent

10 992 72 1059 ,an
92 970 222 1035 obviam
244 970 330 1034 irent
351 970 503 1035 hostibus
531 970 662 1053 acieque
690 971 906 1036 decernerent.
951 988 1069 1036 unuso

10 1064 20 1135 ,¹
32 1056 191 1123 Miltiades
210 1059 350 1122 maxime
367 1059 544 1143 nitebatur,
561 1062 600 1122 ut
617 1059 723 1142 primo
741 1062 869 1142 quoque
887 1062 1048 1142 temporeo

10 1149 139 1211 “eastra
156 1146 286 1210 fierent:
308 1145 341 1210 id
364 1147 393 1210 si
415 1146 540 1211 factum
563 1150 662 1231 esset,
686 1150 719 1210 et
742 1147 866 1211 civibus
890 1147 1035 1210 animum

30 1255 243 1318 ¹accessurum,
262 1255 336 1299 cum
354 1234 500 1298 viderent
518 1234 557 1298 de
576 1256 688 1298 eorum
701 1234 824 1299 virtute
842 1256 908 1298 non
926 1234 1035 1316 despe-

37 1323 104 1406 rari,
126 1325 160 1386 et
181 1321 295 1387 hostes
318 1322 430 1386 eadem
451 1344 487 1387 re
509 1321 579 1386 fore
600 1322 768 1408 tardiores,
792 1322 820 1386 si
839 1322 1035 1385 animadver-

38 1412 135 1476 terent
156 1410 268 1474 auderi
291 1410 443 1474 adversus
467 1432 502 1475 se
525 1414 594 1474 tam
613 1410 738 1496 exiguis
757 1410 859 1493 copiis
879 1409 1034 1473 dimicari.

10 1506 20 1532 ·‘
115 1497 187 1563 Hoc
200 1497 236 1562 in
249 1502 395 1581 tempore
408 1498 499 1573 nulla
513 1496 629 1562 civitas
643 1498 898 1562 Atheniensibus
914 1497 1034 1563 auxilio
1052 1499 1074 1566 5

40 1582 95 1650 fuit
114 1588 243 1670 praeter
261 1585 478 1651 Plataeenses.
511 1608 550 1650 ea
567 1586 657 1650 mille
680 1586 772 1651 misit
795 1587 946 1650 militum.
975 1585 1059 1648 ita-2

34 1692 94 1757 'que
114 1674 231 1739 horum
252 1662 526 1738 adverr'tffdecem
544 1673 635 1737 milia
654 1679 855 1738 armatorum
873 1673 1035 1756 completa
1063 1685 1067 1697 “

10 1758 118 1846 ..aunt
146 1782 229 1844 quae
256 1783 371 1856 mqpus
398 1760 542 1825 mirabili
568 1761 730 1847 flagrabat
756 1760 922 1847 pugnandi
949 1761 1035 1843 cupi-

10 1874 13 1884 *
42 1847 138 1914 ditate.
184 1836 400 1932 qudslactum
427 1853 478 1913 est
503 1852 542 1913 ut
568 1850 642 1932 plus
671 1872 769 1933 quam
797 1850 939 1933 collegae
962 1847 1071 1927 Mil-a

10 1982 16 2008 f
44 1935 133 2002 tiad'es
150 1937 282 2001 valeret.
313 1937 382 2002 eius
401 1958 479 2022 ergo
498 1937 694 2002 auctoritate
713 1935 1035 2020 impulsi'Athenien-
1066 1954 1069 1959 ·

44 2042 87 2088 aes
110 2025 217 2108 copias
245 2047 285 2088 ex
310 2026 391 2090 urbe
419 2025 598 2090 eduxerunt
623 2027 760 2108 locoque
787 2017 1035 2088 idoneffca's't'ra

27 2090 183 2177 iderunt.
223 2104 312 2198 (1111Μ
319 2117 454 2196 postero
475 2113 526 2177 die
550 2113 609 2177 sub
633 2114 754 2178 montis
777 2112 941 2176 radicibus
965 2112 1069 2179 aciea

41 2199 160 2285 regione
190 2199 352 2265 instructa
381 2223 449 2265 non
480 2201 687 2284 apertissima
717 2199 870 2286 (namque
903 2202 1034 2265 arbores

46 2286 143 2373 rufis
168 2288 249 2354 locis
277 2292 370 2353 erant
397 2285 514 2374 rarae)
530 2289 691 2372 proelium
714 2289 947 2354 commiserunt
972 2289 1036 2352 hoc

17 2446 21 2450 ,
48 2375 179 2461 oonsilio,
204 2380 243 2440 ut
270 2380 304 2440 et
331 2377 492 2441 montium
520 2376 693 2441 altitudine
721 2380 909 2463 tegerentur
932 2381 964 2440 et
989 2398 1036 2439 ar·

42 2458 146 2537 ‚lorum
167 2468 275 2549 tractu
298 2465 463 2547 equitatus
486 2464 632 2530 hostium
651 2465 864 2549 impediretur
884 2464 1036 2558 [ne,mul-
1078 2498 1129 2543 aa

46 2546 169 2616 titudine
192 2552 439 2635 clauderentur}
475 2540 654 2618 Datisetsi
675 2575 742 2617 non
765 2540 1076 2641 aequumhlocumr

10 2635 160 2741 ,videbat
186 2641 266 2724 suis,
294 2644 403 2740 tamen
428 2628 563 2735 fretiis'
554 2662 689 2705 numero
714 2641 881 2724 copiarum
904 2661 1035 2704 suarum

10 2773 30 2900 ᾗ
49 2726 816 2899 111110111111101111115311ἳέῗὲ
844 2750 1036 2881 tttttt

49 2898 188 2968 habetur.
227 2903 340 2986 itaque
361 2904 397 2969 in
419 2904 522 2969 aciem
544 2904 691 2988 peditum
715 2909 859 2988 centum,
889 2905 1036 2988 equitum

10 3013 25 3075 3·
48 2982 141 3055 decem
162 2991 253 3055 milia
274 2991 429 3076 produxit
451 2993 675 3076 proeliumque
699 2993 872 3057 commisit.
913 2993 948 3056 in
972 3013 1035 3076 quo
1055 3008 1071 3057 o

47 3074 125 3143 ana
149 3079 222 3163 plus
249 3079 371 3145 virtute
399 3081 570 3145 valuerunt
592 3079 822 3164 Athenienses,
848 3084 887 3144 ut
914 3081 1037 3146 decem-

47 3160 147 3245 plicem
175 3188 345 3232 numerum
376 3168 523 3233 hostium
554 3168 774 3253 profligarint,
806 3167 950 3251 adeoque
981 3189 1036 3232 eos

47 3256 281 3339 pertonuerant,
302 3260 341 3320 ut
363 3255 481 3321 Persae
504 3278 571 3325 non
594 3261 715 3340 castra,
739 3256 795 3320 sed
817 3278 915 3320 naves
937 3256 1037 3340 petie-

10 3386 15 3405 .
62 3334 107 3440 '‘t.
145 3364 209 3426 qua
234 3364 344 3429 pugna
370 3344 453 3408 nihil
482 3344 586 3408 adhuc
609 3344 737 3408 exstitit
759 3344 917 3408 nobilius:
945 3342 1037 3406 nulla

40 3442 44 3451 '
144 3452 299 3514 umquam
328 3435 397 3496 tam
425 3431 542 3518 exigua
571 3453 686 3496 manus
717 3435 826 3496 tantas
857 3451 935 3514 opes
964 3451 1037 3513 pro-

101 3518 155 3584 rit.
