2324 4020
130 216 171 280 78
417 214 516 272 XVIII.
533 214 714 270 EUMENES.
745 220 785 269 11.
806 222 848 272 12.

129 383 205 426 casu
229 383 341 443 capere
364 360 493 443 vellent,
516 364 550 425 et
569 360 624 443 qui
642 363 777 445 propter
793 363 938 425 veterem
957 361 1136 426 amicitiam

129 449 271 531 colloqui
295 449 519 531 consolarique
542 451 705 531 cuperent,
727 448 823 511 multi
847 448 964 532 etiam,
988 448 1047 532 qui
1069 449 1136 514 eius

128 536 268 601 formam
287 557 480 621 cognoscere
499 535 684 619 studebant,
706 535 812 619 qualis
831 540 927 620 esset,
951 558 1051 620 quem
1068 540 1131 602 tam

129 624 183 688 diu
211 628 343 707 tamque
366 624 457 688 valde
484 623 687 707 timuissent,
720 623 810 687 cuius
842 624 877 687 in
908 625 1056 708 pernicie
1080 646 1129 708 po

93 712 226 776 asitam
255 733 346 795 spem
374 711 566 775 habuissent
593 711 758 775 victoriae.
804 715 839 775 at
861 710 1040 796 Eumenes,
1063 733 1126 776 cum

128 799 250 863 diutius
273 799 308 862 in
330 799 445 862 vinclis
468 803 568 881 esset,
596 799 644 863 ait
668 797 887 882 Onomarcho,
914 821 1016 882 penes
1039 821 1124 883 quen
1156 778 1162 859 l

128 909 255 950 summa
282 886 410 968 imperii
434 889 504 950 erat
527 886 705 969 custodiae,
732 907 767 950 se
790 887 915 968 mirari,
945 908 1045 970 quare
1066 887 1121 950 iam
1154 864 1162 947 l

128 974 262 1037 tertium
285 974 370 1037 diem
392 973 439 1038 sic
462 978 639 1038 teneretur:
669 996 735 1038 non
762 975 848 1038 enim
875 973 939 1038 hoc
962 973 1121 1040 convenire
1152 1013 1160 1033 1

128 1061 287 1146 Antigoni
308 1061 507 1145 prudentiae,
529 1065 566 1125 ut
585 1062 632 1126 sic
649 1065 796 1126 uteretur
813 1062 954 1126 devicto:
979 1063 1057 1146 quin
1073 1065 1120 1127 sut
1150 1035 1162 1179 Ξ

91 1149 267 1213 4interfici
294 1153 351 1213 aut
378 1150 514 1214 missum
540 1149 611 1213 fieri
637 1150 773 1214 iuberet.
818 1148 872 1213 hic
895 1171 969 1214 cum
992 1149 1119 1216 ferocius
1151 1182 1152 1187 1

129 1237 333 1302 Onomarcho
355 1237 446 1320 loqui
468 1237 640 1321 videretur,
663 1236 774 1320 ‘quid‘d
810 1236 858 1300 tu'
882 1237 990 1320 inquit
1013 1237 1119 1302 ‘animo
1151 1267 1156 1292 s:

128 1325 156 1390 si
179 1326 244 1390 isto
267 1347 348 1408 eras,
371 1347 428 1389 cur
447 1346 514 1388 non
531 1325 566 1388 in
583 1325 707 1407 proelio
731 1324 877 1390 cecidisti
900 1324 1012 1409 potius
1035 1345 1118 1409 quan

67 1408 70 1413 ’
92 1428 108 1475 5
127 1413 161 1477 in
179 1417 378 1497 potestatem
396 1413 519 1476 inimici
538 1412 701 1476 venires‘d'
728 1411 804 1477 huic
817 1411 980 1477 Eumenes
995 1411 1117 1477 ‘utinam

128 1500 257 1584 quidem
275 1500 363 1563 istud
377 1500 550 1564 evenisset!
574 1500 630 1564 sed
648 1521 686 1564 eo
704 1522 771 1564 non
789 1500 915 1582 accidit,
939 1500 1026 1583 quod
1041 1521 1118 1565 nun·
1150 1532 1162 1560 1

129 1609 226 1671 quam
249 1608 323 1651 cum
345 1586 481 1651 fortiore
509 1608 581 1650 sum
610 1608 816 1672 congressus:
850 1609 917 1652 non
944 1589 1118 1652 enimcum

129 1696 291 1758 quoquam
315 1696 405 1738 arma
423 1675 555 1758 contuli,
579 1675 657 1757 quin
674 1676 703 1738 is
722 1675 803 1739 mihi
822 1675 1048 1740 succubuerit?
1074 1695 1118 1738 ne

128 1784 189 1846 que
212 1762 245 1826 id
268 1766 338 1827 erat
365 1763 497 1827 falsum:
533 1784 599 1826 non
626 1762 711 1826 enim
738 1762 859 1827 virtute
886 1762 1046 1848 hostium,
1072 1760 1117 1828 sed

128 1851 305 1915 amicorum
327 1851 461 1934 perfidia
483 1851 611 1914 decidit.
633 1873 651 1910 s
665 1871 714 1911 a*
736 1855 864 1914 namet
886 1851 1046 1935 dignitate
1066 1848 1118 1914 fuit

127 1939 265 2003 honesta
288 1943 321 2003 et
343 1939 466 2005 viribus
490 1938 530 2002 ad
552 1939 698 2004 laborem
720 1937 888 2002 ferendum
905 1937 1010 2003 firmis
1027 1957 1118 2021 nequo
1154 1987 1162 2000 .

127 2031 195 2090 tam
218 2047 337 2111 magno
361 2047 494 2110 corpore
518 2047 616 2108 quam
638 2025 743 2111 figura
766 2028 909 2090 venusta.
1153 2079 1154 2082 ,

78 2114 117 2178 12
215 2113 265 2178 De
296 2115 358 2177 hoc
390 2113 576 2199 Antigonus
609 2135 682 2178 cum
715 2113 802 2177 solus
836 2114 1034 2179 constituere
1063 2133 1119 2178 non
1155 2162 1162 2173 ..

128 2201 269 2284 auderet,
292 2201 332 2264 ad
355 2201 526 2265 consilium
549 2201 686 2266 rettulit.
721 2200 774 2265 hic
794 2222 867 2265 cum
889 2223 1002 2267 omnes
1024 2201 1118 2286 prino
1153 2180 1162 2262 l

127 2288 309 2371 perturbati
328 2288 564 2352 admirarentur
585 2311 652 2353 non
674 2289 739 2352 iam
761 2288 800 2352 de
819 2310 857 2353 eo
876 2293 1044 2373 sumptum
1058 2306 1118 2354 esse
1152 2267 1162 2351 l

128 2375 331 2460 supplicium,
354 2396 460 2458 aquo
483 2380 536 2440 tot
558 2397 659 2441 annos
684 2376 763 2440 adeo
787 2381 895 2440 essent
914 2377 999 2442 male
1016 2373 1118 2457 habiti,
1153 2355 1162 2422 l

127 2468 164 2528 ut
183 2486 279 2548 saepe
293 2464 333 2528 ad
347 2464 605 2548 desperationem
619 2463 726 2528 forent
740 2463 878 2547 adducti,
896 2465 1017 2548 quique
1033 2461 1118 2528 mari·
1154 2443 1162 2524 !

93 2569 198 2616 amos
222 2553 317 2617 duces
340 2552 571 2635 interfecisset,
599 2552 735 2634 denique
762 2550 797 2615 in
824 2572 888 2634 quo
910 2573 976 2616 uno
1002 2556 1142 2617 tantum·

127 2644 223 2722 esset,
244 2644 290 2722 ut,
314 2640 419 2722 quoad
441 2639 497 2704 ille
520 2640 651 2722 viveret,
673 2639 737 2723 ipsi
761 2639 865 2703 securi
887 2660 958 2704 esse
975 2662 1041 2705 non
1058 2659 1117 2724 pos·

128 2731 209 2807 sent,
226 2727 398 2791 interfecto
416 2727 499 2790 nihil
512 2727 657 2791 habituri
671 2727 796 2812 negotii
811 2731 933 2792 essent:
955 2732 1117 2811 postremo,

128 2814 156 2877 si
188 2814 237 2876 illi
264 2814 412 2878 redderet
443 2815 595 2898 salutem,
627 2814 839 2897 quaerebant,
872 2814 990 2896 quibus
1017 2812 1117 2880 amicis

128 2905 214 2966 esset
236 2923 367 2965 usurus:
395 2923 465 2967 sese
488 2903 574 2966 enim
598 2923 671 2965 cum
693 2901 838 2966 Eumene
862 2901 947 2985 apud
970 2924 1044 2967 eum
1063 2921 1118 2966 non

92 2989 264 3054 afuturos.
307 2986 362 3053 hic
385 2989 516 3074 cognita
540 2989 666 3054 consilii
695 2988 862 3053 voluntate
892 2994 1003 3054 tamen
1029 3007 1119 3073 usque

128 3077 168 3140 ad
194 3084 370 3160 septimum
397 3078 482 3141 diem
509 3076 707 3142 deliberandi
735 3076 797 3140 sibi
826 3076 968 3160 spatium
991 3075 1119 3161 reliquit
1159 3121 1162 3131 ι

128 3169 198 3227 tum
225 3169 347 3248 autem,
377 3187 450 3230 cum
478 3165 543 3228 iam
566 3169 732 3228 vereretur
754 3186 794 3228 ne
818 3186 881 3247 qua
904 3164 1022 3230 seditio
1045 3183 1120 3231 exer·
1157 3142 1162 3261 l

127 3252 211 3316 citus
236 3257 394 3334 oreretur,
422 3253 526 3316 vetuit
554 3273 749 3336 quemquam
777 3251 817 3315 ad
845 3273 918 3316 eum
946 3252 1076 3318 admitti
1093 3253 1121 3315 et
1159 3269 1162 3308 ῑ

127 3340 340 3404 cottidianum
362 3340 486 3404 victum
509 3341 667 3404 removeri
694 3339 804 3403 iussit:
833 3361 910 3403 nam
932 3341 1074 3427 negabat
1092 3355 1123 3403 ss

91 3428 156 3491 sei
178 3428 244 3491 vim
268 3427 457 3508 allaturum,
485 3427 536 3491 cui
564 3427 736 3510 aliquando
764 3426 880 3491 fuisset
903 3429 1036 3494 amicus.
1077 3425 1122 3494 hic

127 3519 235 3578 tamen
253 3536 319 3579 non
338 3514 477 3597 amplius
492 3536 589 3598 quam
607 3516 749 3578 triduum
768 3513 852 3578 fame
871 3512 1043 3601 fatigatus.
1060 3534 1122 3582 cum
