2324 4020
286 237 386 293 XXIII.
406 237 604 293 HANNIBAL.
635 244 747 293 10-12.
799 268 802 273 ·
990 240 1032 304 95

51 387 91 447 at
114 383 229 448 navale
248 382 418 467 proelium,
442 383 627 448 classiarios
647 386 804 448 convocat
822 382 928 466 iisque
943 405 1033 466 prae

51 471 117 556 pit,
146 492 259 537 omnes
286 473 325 535 ut
353 471 387 536 in
416 492 515 536 unam
537 470 694 535 Eumenis
723 471 810 555 regis
839 475 1033 536 concurrant

51 580 151 644 avem,
181 580 200 623 a
223 558 341 626 ceteris
368 561 499 623 tantum
526 559 608 622 satis
630 558 774 623 habeant
797 580 831 623 se
855 559 1033 624 defendere.

51 651 56 712 l
85 646 162 712 illos
194 646 290 712 facile
322 646 523 731 serpentium
555 646 764 711 multitudine
792 652 1031 712 consecuturos.

51 758 78 800 rx
100 739 212 801 autem
230 735 266 798 in
283 755 347 818 qua
364 756 447 800 nave
466 733 647 818 veheretur,
670 738 707 799 ut
726 735 856 820 scirent,
879 756 913 800 se
931 734 1033 800 factu·
1052 751 1067 799 c

51 844 109 888 rm:
132 844 228 906 quem
247 822 276 886 si
295 826 352 887 aut
375 822 538 905 cepissent
561 827 618 887 aut
641 822 891 906 interfecissent,
913 843 1032 908 magno

51 933 64 976 s
86 910 260 994 pollicetur
282 910 428 994 praemio
451 909 529 975 fore.
565 911 625 974 tali
645 910 871 976 cohortatione
890 911 1033 976 militum
1046 912 1080 974 11

51 1004 111 1064 rota
124 998 238 1064 classis
253 998 294 1062 ab
309 998 456 1081 utrisque
470 998 506 1061 in
518 999 680 1081 proelium
693 1000 871 1064 deducitur.
895 1021 1033 1082 quarum

51 1087 92 1152 cie
124 1085 317 1171 constituta,
348 1086 539 1170 priusquam
568 1085 699 1172 signum
731 1109 859 1172 pugnae
892 1088 1034 1170 daretur,

51 1173 201 1258 Iannibal,
227 1177 266 1238 ut
292 1174 402 1258 palam
429 1173 552 1238 faceret
575 1175 656 1258 suis,
687 1196 751 1258 quo
774 1176 847 1240 loco
870 1174 1032 1240 Eumenes

51 1267 119 1347 sset,
142 1261 350 1327 tabellarium
372 1262 407 1326 in
430 1261 551 1346 scapha
570 1283 644 1345 cum
663 1263 802 1327 caduceo
826 1262 939 1327 mittit.
976 1263 1033 1346 qui
1052 1278 1067 1325 2

51 1351 81 1415 bi
112 1350 153 1415 ad
188 1371 286 1415 naves
309 1350 577 1415 ‘adversariorum
614 1350 762 1434 pervenit
794 1349 1033 1434 epistulamque

51 1439 198 1504 stendens
222 1459 255 1502 se
278 1459 390 1524 regem
412 1437 580 1521 professus
603 1441 655 1502 est
673 1460 837 1522 quaerere,
860 1438 974 1503 statim
993 1439 1034 1503 ad

51 1526 204 1592 lumenem
231 1525 387 1590 deductus
415 1530 480 1609 est,
510 1526 597 1609 quod
619 1547 715 1590 nemo
748 1527 921 1591 dubitabat
955 1528 1035 1609 quin

51 1614 148 1698 liquid
171 1614 210 1678 de
228 1635 307 1697 pace
325 1617 412 1678 esset
430 1613 596 1697 scriptum.
634 1614 824 1679 tabellarius
843 1615 933 1680 ducis
951 1636 1034 1679 nave

51 1703 189 1768 celerata
212 1702 279 1766 suis
303 1702 430 1785 eodem,
451 1703 536 1767 unde
560 1706 631 1766 crat
654 1722 820 1786 egressus,
843 1724 877 1766 se
900 1703 1033 1786 recepit.

51 1794 64 1854 t
83 1790 245 1856 Eumenes
268 1789 376 1854 soluta
400 1789 540 1873 epistula
561 1789 644 1853 nihil
672 1789 706 1853 in
734 1811 772 1854 ea
798 1790 943 1873 repperit
969 1790 1033 1854 nisi
1052 1805 1068 1852 3

51 1901 108 1961 'uae
135 1877 177 1942 ad
203 1876 402 1942 irridendum
429 1899 503 1943 eum
529 1877 739 1962 pertinerent.
785 1877 875 1942 cuius
902 1878 949 1941 rei
971 1878 1034 1941 etsi

51 1987 157 2032 ausam
180 1964 361 2030 mirabatur
382 1986 487 2048 neque
510 1965 706 2048 reperiebat,
735 1968 847 2030 tamen
873 1964 1034 2048 proelium

51 2055 140 2119 tatim
164 2053 368 2119 committere
389 2074 456 2120 non
478 2052 648 2118 dubitarit.
687 2053 805 2116 horum
822 2053 857 2116 in
876 2066 1069 2118 concursus

51 2141 162 2227 bithyni
180 2140 374 2206 Hannibalis
393 2145 567 2224 praecepto
585 2139 728 2207 universi
745 2162 862 2205 navem
878 2140 1033 2206 Eumenis

51 2230 225 2296 doriuntur.
250 2250 388 2312 quorum
405 2230 472 2294 rim
490 2251 546 2293 rex
561 2250 635 2293 cum
653 2228 813 2292 sustinere
831 2250 899 2294 non
914 2233 1035 2313 posset,

51 2339 105 2404 rga
128 2317 269 2383 salutem
291 2316 397 2401 petiit,
426 2338 524 2401 quam
547 2321 739 2382 consecutus
762 2338 829 2386 non
852 2320 948 2400 esset,
969 2317 1034 2381 nisi

51 2412 113 2471 rtra
141 2426 200 2470 sua
230 2404 391 2488 praesidia
419 2426 453 2468 se
485 2405 674 2488 recepisset,
706 2426 788 2487 quae
819 2405 855 2469 in
884 2404 1034 2487 proximo

51 2499 123 2560 tore
143 2496 236 2558 erant
254 2491 421 2558 collocata.
448 2493 592 2575 reliquae
605 2491 825 2576 Pergamenae
843 2512 942 2555 naves
961 2512 1035 2555 cum
1053 2505 1069 2553 o

51 2580 228 2648 dversarios
259 2584 443 2664 premerent
474 2580 598 2665 acrius,
634 2583 768 2662 repente
804 2577 839 2642 in
871 2600 925 2642 eas
956 2601 1035 2643 rasa

52 2671 156 2753 ctilia,
188 2669 226 2732 de
254 2668 371 2751 quibus
400 2689 498 2752 supra
525 2667 723 2732 mentionem
750 2665 900 2750 fecimus,
932 2667 1036 2732 conici

51 2762 145 2842 cepta
163 2760 247 2822 sunt.
282 2776 364 2839 quae
384 2755 469 2821 iacta
487 2755 583 2820 initio
601 2757 704 2820 risum
721 2755 945 2839 pugnantibus
964 2776 1036 2819 con·

51 2847 181 2929 itarunt,
202 2865 306 2927 neque
330 2865 428 2928 qnare
447 2844 481 2907 id
498 2844 591 2908 fieret
609 2846 741 2927 poterat
759 2843 916 2927 intellegi.
948 2848 1037 2926 post
1056 2859 1071 2907 o

51 2956 126 2999 uam
146 2936 255 2998 autem
272 2953 370 2997 naves
389 2953 464 2996 suas
484 2931 632 3016 oppletas
651 2935 889 3014 conspexerunt
910 2953 1037 3015 serpen-

51 3024 127 3106 bus,
139 3042 225 3086 nova
237 3041 272 3084 re
286 3019 460 3104 perterriti,
475 3040 558 3102 cum,
572 3019 649 3102 quid
662 3019 873 3102 potissimum
886 3019 1038 3102 vitarent,

51 3133 93 3179 on
120 3109 280 3191 viderent,
309 3129 433 3191 puppes
461 3110 629 3172 vertenmt
657 3127 756 3191 seque
784 3107 825 3171 ad
848 3128 907 3171 sua
930 3110 1038 3171 castra

51 3198 160 3264 autica
187 3196 392 3261 rettulerunt.
429 3195 477 3260 sic
499 3194 664 3259 Hannibal
690 3194 826 3259 consilio
840 3215 941 3258 ‚arma
963 3193 1071 3257 Per-r

51 3305 242 3353 amenorum
268 3283 442 3367 superavit,
473 3304 578 3367 neque
606 3287 678 3346 tum
706 3282 826 3365 solum,
858 3281 914 3345 sed
942 3301 1037 3364 saepe

51 3377 109 3440 das
143 3371 348 3456 pedestribus
381 3370 483 3455 copiis
515 3369 588 3454 pari
624 3370 796 3453 prudentia
827 3367 953 3451 pepulit
985 3367 1038 3430 ad·

51 3481 199 3532 ersarros.
354 3486 355 3489 ¹
546 3510 549 3514 »

116 3547 207 3624 Quae
231 3547 307 3612 dum
330 3548 366 3612 in
387 3546 468 3611 Asia
495 3549 667 3631 gerrmtur,
694 3543 812 3608 accidit
836 3561 912 3605 casu
934 3543 973 3604 ut
994 3540 1089 3605 10-12
