<?xml version="1.0" encoding="UTF-8"?>
<!DOCTYPE html PUBLIC "-//W3C//DTD XHTML 1.0 Transitional//EN"
    "http://www.w3.org/TR/xhtml1/DTD/xhtml1-transitional.dtd">
<html xmlns="http://www.w3.org/1999/xhtml" xml:lang="en" lang="en">
 <head>
  <title>
</title>
<meta http-equiv="Content-Type" content="text/html;charset=utf-8" />
  <meta name='ocr-system' content='tesseract 3.04.00' />
  <meta name='ocr-capabilities' content='ocr_page ocr_carea ocr_par ocr_line ocrx_word'/>
</head>
<body>
  <div class='ocr_page' id='page_1' title='image "./corneliinepotis00flecgoog_0077.png"; bbox 0 0 2324 4020; ppageno 0'>
   <div class='ocr_carea' id='block_1_1' title="bbox 270 237 1010 307">
    <p class='ocr_par' dir='ltr' id='par_1_1' title="bbox 270 237 1010 307">
     <span class='ocr_line' id='line_1_1' title="bbox 270 237 1010 307; baseline 0.004 -13"><span class='ocrx_word' id='word_1_1' title='bbox 270 239 329 294; x_wconf 85' lang='lat' dir='ltr'>XV.</span> <span class='ocrx_word' id='word_1_2' title='bbox 348 237 620 294; x_wconf 86' lang='lat' dir='ltr'>EPAMINONDAS.</span> <span class='ocrx_word' id='word_1_3' title='bbox 648 245 745 296; x_wconf 82' lang='lat'><strong>8-10.</strong></span> <span class='ocrx_word' id='word_1_4' title='bbox 969 243 1010 307; x_wconf 83' lang='grc'>61</span> 
     </span>
    </p>
   </div>
   <div class='ocr_carea' id='block_1_2' title="bbox 10 383 1066 3642">
    <p class='ocr_par' dir='ltr' id='par_1_2' title="bbox 10 383 1046 1088">
     <span class='ocr_line' id='line_1_2' title="bbox 10 383 1010 469; baseline 0.001 -19"><span class='ocrx_word' id='word_1_5' title='bbox 10 387 140 469; x_wconf 88' lang='lat' dir='ltr'>subiret,</span> <span class='ocrx_word' id='word_1_6' title='bbox 169 385 225 449; x_wconf 90' lang='lat' dir='ltr'>scd</span> <span class='ocrx_word' id='word_1_7' title='bbox 247 405 346 448; x_wconf 87' lang='lat' dir='ltr'>unum</span> <span class='ocrx_word' id='word_1_8' title='bbox 371 383 411 447; x_wconf 91' lang='lat' dir='ltr'>ab</span> <span class='ocrx_word' id='word_1_9' title='bbox 434 383 475 446; x_wconf 87' lang='lat' dir='ltr'>iis</span> <span class='ocrx_word' id='word_1_10' title='bbox 498 384 629 466; x_wconf 87' lang='lat' dir='ltr'>petivit,</span> <span class='ocrx_word' id='word_1_11' title='bbox 658 389 696 448; x_wconf 88' lang='lat' dir='ltr'>ut</span> <span class='ocrx_word' id='word_1_12' title='bbox 723 385 758 449; x_wconf 86' lang='lat' dir='ltr'>in</span> <span class='ocrx_word' id='word_1_13' title='bbox 781 386 927 468; x_wconf 87' lang='lat' dir='ltr'>sepulcro</span> <span class='ocrx_word' id='word_1_14' title='bbox 952 408 1010 451; x_wconf 89' lang='lat' dir='ltr'>suo</span> 
     </span>
     <span class='ocr_line' id='line_1_3' title="bbox 10 471 1046 556; baseline -0.001 -16"><span class='ocrx_word' id='word_1_15' title='bbox 10 471 231 540; x_wconf 69' lang='lat' dir='ltr'>inscriberent:</span> <span class='ocrx_word' id='word_1_16' title='bbox 268 471 521 556; x_wconf 78' lang='lat' dir='ltr'><strong>‘Epaminondas</strong></span> <span class='ocrx_word' id='word_1_17' title='bbox 552 493 572 536; x_wconf 92' lang='lat' dir='ltr'>a</span> <span class='ocrx_word' id='word_1_18' title='bbox 598 472 762 537; x_wconf 84' lang='lat' dir='ltr'>Thebanis</span> <span class='ocrx_word' id='word_1_19' title='bbox 795 478 899 538; x_wconf 91' lang='lat' dir='ltr'>morte</span> <span class='ocrx_word' id='word_1_20' title='bbox 931 475 1046 544; x_wconf 70' lang='lat' dir='ltr'>mut-3</span> 
     </span>
     <span class='ocr_line' id='line_1_4' title="bbox 10 558 1010 645; baseline -0.003 -18"><span class='ocrx_word' id='word_1_21' title='bbox 10 562 91 627; x_wconf 72' lang='lat' dir='ltr'>tatus</span> <span class='ocrx_word' id='word_1_22' title='bbox 124 565 193 644; x_wconf 89' lang='lat' dir='ltr'>est,</span> <span class='ocrx_word' id='word_1_23' title='bbox 225 560 311 645; x_wconf 88' lang='lat' dir='ltr'>quod</span> <span class='ocrx_word' id='word_1_24' title='bbox 343 581 398 624; x_wconf 91' lang='lat' dir='ltr'>eos</span> <span class='ocrx_word' id='word_1_25' title='bbox 431 559 539 645; x_wconf 83' lang='lat' dir='ltr'>co&#39;e’git</span> <span class='ocrx_word' id='word_1_26' title='bbox 571 559 656 644; x_wconf 88' lang='lat' dir='ltr'>apud</span> <span class='ocrx_word' id='word_1_27' title='bbox 687 558 827 626; x_wconf 79' lang='lat' dir='ltr'>Leuctra</span> <span class='ocrx_word' id='word_1_28' title='bbox 859 583 1010 645; x_wconf 88' lang='lat' dir='ltr'>superare</span> 
     </span>
     <span class='ocr_line' id='line_1_5' title="bbox 10 642 1010 732; baseline 0 -17"><span class='ocrx_word' id='word_1_29' title='bbox 10 642 285 732; x_wconf 73' lang='lat' dir='ltr'>trcedaemonios,</span> <span class='ocrx_word' id='word_1_30' title='bbox 309 669 391 732; x_wconf 88' lang='lat' dir='ltr'>quos</span> <span class='ocrx_word' id='word_1_31' title='bbox 410 651 485 711; x_wconf 88' lang='lat' dir='ltr'>ante</span> <span class='ocrx_word' id='word_1_32' title='bbox 500 669 534 712; x_wconf 90' lang='lat' dir='ltr'>se</span> <span class='ocrx_word' id='word_1_33' title='bbox 554 647 785 732; x_wconf 71' lang='lat' dir='ltr'>imperatorem</span> <span class='ocrx_word' id='word_1_34' title='bbox 798 671 894 715; x_wconf 91' lang='lat' dir='ltr'>nemo</span> <span class='ocrx_word' id='word_1_35' title='bbox 909 647 1010 715; x_wconf 91' lang='lat' dir='ltr'>Boeo·</span> 
     </span>
     <span class='ocr_line' id='line_1_6' title="bbox 10 724 1046 823; baseline -0.001 -20"><span class='ocrx_word' id='word_1_36' title='bbox 10 724 112 823; x_wconf 63' lang='lat' dir='ltr'>ibrum</span> <span class='ocrx_word' id='word_1_37' title='bbox 136 757 234 802; x_wconf 90' lang='lat' dir='ltr'>ausus</span> <span class='ocrx_word' id='word_1_38' title='bbox 257 736 302 800; x_wconf 89' lang='lat' dir='ltr'>sit</span> <span class='ocrx_word' id='word_1_39' title='bbox 324 735 467 819; x_wconf 83' lang='lat' dir='ltr'>aspicere</span> <span class='ocrx_word' id='word_1_40' title='bbox 485 735 520 799; x_wconf 92' lang='lat' dir='ltr'>in</span> <span class='ocrx_word' id='word_1_41' title='bbox 534 736 611 820; x_wconf 91' lang='lat' dir='ltr'>acie,</span> <span class='ocrx_word' id='word_1_42' title='bbox 635 736 784 821; x_wconf 88' lang='lat' dir='ltr'>quodque</span> <span class='ocrx_word' id='word_1_43' title='bbox 802 759 867 802; x_wconf 91' lang='lat' dir='ltr'>uno</span> <span class='ocrx_word' id='word_1_44' title='bbox 886 738 1046 821; x_wconf 72' lang='lat' dir='ltr'>proelior</span> 
     </span>
     <span class='ocr_line' id='line_1_7' title="bbox 10 823 1010 917; baseline -0.002 -25"><span class='ocrx_word' id='word_1_45' title='bbox 10 826 69 917; x_wconf 54' lang='lat' dir='ltr'>ibon</span> <span class='ocrx_word' id='word_1_46' title='bbox 91 826 198 891; x_wconf 88' lang='lat' dir='ltr'>solum</span> <span class='ocrx_word' id='word_1_47' title='bbox 211 823 340 889; x_wconf 81' lang='lat' dir='ltr'>Thebas</span> <span class='ocrx_word' id='word_1_48' title='bbox 364 824 405 888; x_wconf 91' lang='lat' dir='ltr'>ab</span> <span class='ocrx_word' id='word_1_49' title='bbox 428 823 565 889; x_wconf 88' lang='lat' dir='ltr'>interitu</span> <span class='ocrx_word' id='word_1_50' title='bbox 584 825 730 909; x_wconf 84' lang='lat' dir='ltr'>retraxit,</span> <span class='ocrx_word' id='word_1_51' title='bbox 754 826 928 890; x_wconf 90' lang='lat' dir='ltr'>sedetiam</span> <span class='ocrx_word' id='word_1_52' title='bbox 943 827 1010 890; x_wconf 87' lang='lat' dir='ltr'>uni·</span> 
     </span>
     <span class='ocr_line' id='line_1_8' title="bbox 10 911 1010 998; baseline 0.003 -22"><span class='ocrx_word' id='word_1_53' title='bbox 10 924 130 980; x_wconf 69' lang='lat' dir='ltr'>lursam</span> <span class='ocrx_word' id='word_1_54' title='bbox 155 911 324 978; x_wconf 86' lang='lat' dir='ltr'>Graeciam</span> <span class='ocrx_word' id='word_1_55' title='bbox 351 913 386 976; x_wconf 94' lang='lat' dir='ltr'>in</span> <span class='ocrx_word' id='word_1_56' title='bbox 414 911 602 976; x_wconf 89' lang='lat' dir='ltr'>libertatem</span> <span class='ocrx_word' id='word_1_57' title='bbox 624 913 801 978; x_wconf 81' lang='lat' dir='ltr'>vindicarit</span> <span class='ocrx_word' id='word_1_58' title='bbox 829 935 930 998; x_wconf 89' lang='lat' dir='ltr'>eoque</span> <span class='ocrx_word' id='word_1_59' title='bbox 958 935 1010 979; x_wconf 88' lang='lat' dir='ltr'>res</span> 
     </span>
     <span class='ocr_line' id='line_1_9' title="bbox 16 999 1011 1088; baseline 0.003 -24"><span class='ocrx_word' id='word_1_60' title='bbox 16 1004 215 1085; x_wconf 74' lang='lat' dir='ltr'>utrorumque</span> <span class='ocrx_word' id='word_1_61' title='bbox 242 999 406 1084; x_wconf 87' lang='lat' dir='ltr'>perduxit,</span> <span class='ocrx_word' id='word_1_62' title='bbox 435 1004 474 1064; x_wconf 90' lang='lat' dir='ltr'>ut</span> <span class='ocrx_word' id='word_1_63' title='bbox 496 999 642 1064; x_wconf 81' lang='lat' dir='ltr'>Thebani</span> <span class='ocrx_word' id='word_1_64' title='bbox 667 999 819 1084; x_wconf 84' lang='lat' dir='ltr'>Spartam</span> <span class='ocrx_word' id='word_1_65' title='bbox 847 1023 1011 1088; x_wconf 82' lang='lat' dir='ltr'>oppugna·</span> 
     </span>
    </p>

    <p class='ocr_par' dir='ltr' id='par_1_3' title="bbox 10 1088 1045 1615">
     <span class='ocr_line' id='line_1_10' title="bbox 15 1088 1011 1177; baseline 0 -21"><span class='ocrx_word' id='word_1_66' title='bbox 15 1164 20 1177; x_wconf 51' lang='lat'>,</span> <span class='ocrx_word' id='word_1_67' title='bbox 60 1095 89 1175; x_wconf 92' lang='lat' dir='ltr'>t,</span> <span class='ocrx_word' id='word_1_68' title='bbox 114 1088 361 1154; x_wconf 86' lang='lat' dir='ltr'>Lacedaemonii</span> <span class='ocrx_word' id='word_1_69' title='bbox 385 1088 465 1153; x_wconf 88' lang='lat' dir='ltr'>satis</span> <span class='ocrx_word' id='word_1_70' title='bbox 489 1089 660 1172; x_wconf 88' lang='lat' dir='ltr'>haberent,</span> <span class='ocrx_word' id='word_1_71' title='bbox 690 1090 718 1153; x_wconf 88' lang='lat' dir='ltr'>si</span> <span class='ocrx_word' id='word_1_72' title='bbox 742 1089 822 1154; x_wconf 84' lang='lat' dir='ltr'>salvi</span> <span class='ocrx_word' id='word_1_73' title='bbox 846 1112 917 1155; x_wconf 87' lang='lat' dir='ltr'>esse</span> <span class='ocrx_word' id='word_1_74' title='bbox 939 1113 1011 1174; x_wconf 91' lang='lat' dir='ltr'>pos-</span> 
     </span>
     <span class='ocr_line' id='line_1_11' title="bbox 10 1168 1045 1273; baseline 0 -29"><span class='ocrx_word' id='word_1_75' title='bbox 10 1168 86 1273; x_wconf 44' lang='lat' dir='ltr'>teat,</span> <span class='ocrx_word' id='word_1_76' title='bbox 108 1199 213 1262; x_wconf 89' lang='lat' dir='ltr'>nequo</span> <span class='ocrx_word' id='word_1_77' title='bbox 235 1176 325 1261; x_wconf 88' lang='lat' dir='ltr'>prius</span> <span class='ocrx_word' id='word_1_78' title='bbox 344 1176 465 1241; x_wconf 90' lang='lat' dir='ltr'>bellare</span> <span class='ocrx_word' id='word_1_79' title='bbox 484 1176 620 1261; x_wconf 85' lang='lat' dir='ltr'>destitit,</span> <span class='ocrx_word' id='word_1_80' title='bbox 644 1198 742 1261; x_wconf 90' lang='lat' dir='ltr'>quam</span> <span class='ocrx_word' id='word_1_81' title='bbox 756 1177 903 1243; x_wconf 89' lang='lat' dir='ltr'>Messene</span> <span class='ocrx_word' id='word_1_82' title='bbox 918 1179 1045 1244; x_wconf 82' lang='lat' dir='ltr'>resti-5</span> 
     </span>
     <span class='ocr_line' id='line_1_12' title="bbox 10 1262 1011 1350; baseline -0.001 -18"><span class='ocrx_word' id='word_1_83' title='bbox 10 1262 76 1332; x_wconf 70' lang='lat' dir='ltr'>aaa</span> <span class='ocrx_word' id='word_1_84' title='bbox 89 1267 205 1332; x_wconf 89' lang='lat' dir='ltr'>urbem</span> <span class='ocrx_word' id='word_1_85' title='bbox 218 1287 331 1330; x_wconf 87' lang='lat' dir='ltr'>corum</span> <span class='ocrx_word' id='word_1_86' title='bbox 345 1264 514 1330; x_wconf 87' lang='lat' dir='ltr'>obsidione</span> <span class='ocrx_word' id='word_1_87' title='bbox 529 1265 666 1330; x_wconf 70' lang='lat' dir='ltr'>clausit?</span> <span class='ocrx_word' id='word_1_88' title='bbox 689 1265 768 1330; x_wconf 89' lang='lat' dir='ltr'>haec</span> <span class='ocrx_word' id='word_1_89' title='bbox 778 1287 852 1330; x_wconf 89' lang='lat' dir='ltr'>cum</span> <span class='ocrx_word' id='word_1_90' title='bbox 866 1267 1011 1350; x_wconf 86' lang='lat' dir='ltr'>dixisset,</span> 
     </span>
     <span class='ocr_line' id='line_1_13' title="bbox 10 1352 1011 1438; baseline -0.004 -16"><span class='ocrx_word' id='word_1_91' title='bbox 10 1353 88 1422; x_wconf 79' lang='lat' dir='ltr'>h’sus</span> <span class='ocrx_word' id='word_1_92' title='bbox 112 1354 258 1420; x_wconf 88' lang='lat' dir='ltr'>omnium</span> <span class='ocrx_word' id='word_1_93' title='bbox 281 1374 354 1419; x_wconf 91' lang='lat' dir='ltr'>cum</span> <span class='ocrx_word' id='word_1_94' title='bbox 376 1352 543 1417; x_wconf 88' lang='lat' dir='ltr'>hilaritate</span> <span class='ocrx_word' id='word_1_95' title='bbox 567 1357 698 1418; x_wconf 88' lang='lat' dir='ltr'>coortus</span> <span class='ocrx_word' id='word_1_96' title='bbox 720 1357 779 1437; x_wconf 93' lang='lat' dir='ltr'>est,</span> <span class='ocrx_word' id='word_1_97' title='bbox 801 1375 905 1438; x_wconf 89' lang='lat' dir='ltr'>neque</span> <span class='ocrx_word' id='word_1_98' title='bbox 925 1354 1011 1438; x_wconf 90' lang='lat' dir='ltr'>quis-</span> 
     </span>
     <span class='ocr_line' id='line_1_14' title="bbox 10 1441 1011 1528; baseline -0.002 -20"><span class='ocrx_word' id='word_1_99' title='bbox 10 1458 101 1526; x_wconf 68' lang='lat' dir='ltr'>quam</span> <span class='ocrx_word' id='word_1_100' title='bbox 124 1443 221 1507; x_wconf 85' lang='lat' dir='ltr'>iudex</span> <span class='ocrx_word' id='word_1_101' title='bbox 243 1462 340 1506; x_wconf 87' lang='lat' dir='ltr'>ausus</span> <span class='ocrx_word' id='word_1_102' title='bbox 364 1445 415 1505; x_wconf 91' lang='lat' dir='ltr'>est</span> <span class='ocrx_word' id='word_1_103' title='bbox 438 1441 476 1505; x_wconf 91' lang='lat' dir='ltr'>dc</span> <span class='ocrx_word' id='word_1_104' title='bbox 500 1462 538 1506; x_wconf 92' lang='lat' dir='ltr'>eo</span> <span class='ocrx_word' id='word_1_105' title='bbox 565 1441 649 1506; x_wconf 86' lang='lat' dir='ltr'>ferre</span> <span class='ocrx_word' id='word_1_106' title='bbox 677 1441 876 1528; x_wconf 83' lang='lat' dir='ltr'>suffragium.</span> <span class='ocrx_word' id='word_1_107' title='bbox 922 1442 968 1507; x_wconf 89' lang='lat' dir='ltr'>sic</span> <span class='ocrx_word' id='word_1_108' title='bbox 992 1464 1011 1506; x_wconf 90' lang='lat' dir='ltr'>a</span> 
     </span>
     <span class='ocr_line' id='line_1_15' title="bbox 10 1524 737 1615; baseline -0.006 -18"><span class='ocrx_word' id='word_1_109' title='bbox 10 1524 123 1598; x_wconf 78' lang='lat' dir='ltr'>iudieio</span> <span class='ocrx_word' id='word_1_110' title='bbox 148 1529 263 1614; x_wconf 86' lang='lat' dir='ltr'>eapitis</span> <span class='ocrx_word' id='word_1_111' title='bbox 287 1529 429 1593; x_wconf 86' lang='lat' dir='ltr'>maxima</span> <span class='ocrx_word' id='word_1_112' title='bbox 451 1529 601 1594; x_wconf 88' lang='lat' dir='ltr'>discessit</span> <span class='ocrx_word' id='word_1_113' title='bbox 623 1529 737 1615; x_wconf 82' lang='lat' dir='ltr'>gloria.</span> 
     </span>
    </p>

    <p class='ocr_par' dir='ltr' id='par_1_4' title="bbox 10 1617 1049 3008">
     <span class='ocr_line' id='line_1_16' title="bbox 10 1617 1048 1702; baseline 0.001 -19"><span class='ocrx_word' id='word_1_114' title='bbox 10 1626 12 1633; x_wconf 91' lang='lat'>&#39;</span> <span class='ocrx_word' id='word_1_115' title='bbox 95 1618 159 1684; x_wconf 90' lang='lat' dir='ltr'>Hic</span> <span class='ocrx_word' id='word_1_116' title='bbox 183 1621 327 1682; x_wconf 85' lang='lat' dir='ltr'>extremo</span> <span class='ocrx_word' id='word_1_117' title='bbox 348 1621 493 1700; x_wconf 85' lang='lat' dir='ltr'>tempore</span> <span class='ocrx_word' id='word_1_118' title='bbox 512 1617 692 1701; x_wconf 88' lang='lat' dir='ltr'>imperator</span> <span class='ocrx_word' id='word_1_119' title='bbox 708 1618 793 1702; x_wconf 89' lang='lat' dir='ltr'>apud</span> <span class='ocrx_word' id='word_1_120' title='bbox 807 1617 1010 1684; x_wconf 88' lang='lat' dir='ltr'>Mantineam</span> <span class='ocrx_word' id='word_1_121' title='bbox 1029 1619 1048 1683; x_wconf 88' lang='lat'><strong>9</strong></span> 
     </span>
     <span class='ocr_line' id='line_1_17' title="bbox 10 1705 1011 1792; baseline -0.004 -18"><span class='ocrx_word' id='word_1_122' title='bbox 10 1724 77 1774; x_wconf 80' lang='lat' dir='ltr'>tum</span> <span class='ocrx_word' id='word_1_123' title='bbox 101 1707 170 1772; x_wconf 87' lang='lat' dir='ltr'>acie</span> <span class='ocrx_word' id='word_1_124' title='bbox 192 1707 354 1770; x_wconf 85' lang='lat' dir='ltr'>instructa</span> <span class='ocrx_word' id='word_1_125' title='bbox 376 1705 527 1770; x_wconf 88' lang='lat' dir='ltr'>audacius</span> <span class='ocrx_word' id='word_1_126' title='bbox 550 1705 689 1770; x_wconf 88' lang='lat' dir='ltr'>instaret</span> <span class='ocrx_word' id='word_1_127' title='bbox 711 1706 837 1790; x_wconf 90' lang='lat' dir='ltr'>hostes,</span> <span class='ocrx_word' id='word_1_128' title='bbox 860 1707 1011 1792; x_wconf 83' lang='lat' dir='ltr'>cognitus</span> 
     </span>
     <span class='ocr_line' id='line_1_18' title="bbox 10 1793 1010 1878; baseline -0.001 -20"><span class='ocrx_word' id='word_1_129' title='bbox 10 1812 25 1858; x_wconf 83' lang='grc' dir='ltr'>ι</span> <span class='ocrx_word' id='word_1_130' title='bbox 45 1794 320 1878; x_wconf 80' lang='lat' dir='ltr'>Lacedaemoniis,</span> <span class='ocrx_word' id='word_1_131' title='bbox 343 1793 430 1878; x_wconf 91' lang='lat' dir='ltr'>quod</span> <span class='ocrx_word' id='word_1_132' title='bbox 452 1793 487 1857; x_wconf 93' lang='lat' dir='ltr'>in</span> <span class='ocrx_word' id='word_1_133' title='bbox 509 1793 604 1857; x_wconf 87' lang='lat' dir='ltr'>unius</span> <span class='ocrx_word' id='word_1_134' title='bbox 628 1794 769 1877; x_wconf 89' lang='lat' dir='ltr'>pernicie</span> <span class='ocrx_word' id='word_1_135' title='bbox 793 1795 862 1858; x_wconf 89' lang='lat' dir='ltr'>eius</span> <span class='ocrx_word' id='word_1_136' title='bbox 884 1795 1010 1878; x_wconf 88' lang='lat' dir='ltr'>patriae</span> 
     </span>
     <span class='ocr_line' id='line_1_19' title="bbox 10 1881 1010 1968; baseline -0.005 -18"><span class='ocrx_word' id='word_1_137' title='bbox 10 1882 104 1950; x_wconf 76' lang='lat' dir='ltr'>riam</span> <span class='ocrx_word' id='word_1_138' title='bbox 126 1883 289 1968; x_wconf 85' lang='lat' dir='ltr'>putabant</span> <span class='ocrx_word' id='word_1_139' title='bbox 316 1881 468 1965; x_wconf 90' lang='lat' dir='ltr'>salutem,</span> <span class='ocrx_word' id='word_1_140' title='bbox 490 1881 633 1946; x_wconf 82' lang='lat' dir='ltr'>universi</span> <span class='ocrx_word' id='word_1_141' title='bbox 662 1882 696 1945; x_wconf 91' lang='lat' dir='ltr'>in</span> <span class='ocrx_word' id='word_1_142' title='bbox 723 1903 823 1946; x_wconf 87' lang='lat' dir='ltr'>unum</span> <span class='ocrx_word' id='word_1_143' title='bbox 850 1882 1010 1965; x_wconf 90' lang='lat' dir='ltr'>impetum</span> 
     </span>
     <span class='ocr_line' id='line_1_20' title="bbox 10 1966 1030 2055; baseline -0.005 -17"><span class='ocrx_word' id='word_1_144' title='bbox 10 1966 151 2038; x_wconf 77' lang='lat' dir='ltr'>iecerunt</span> <span class='ocrx_word' id='word_1_145' title='bbox 173 1991 276 2054; x_wconf 90' lang='lat' dir='ltr'>neque</span> <span class='ocrx_word' id='word_1_146' title='bbox 299 1970 389 2053; x_wconf 89' lang='lat' dir='ltr'>prius</span> <span class='ocrx_word' id='word_1_147' title='bbox 413 1970 648 2053; x_wconf 89' lang='lat' dir='ltr'>abscesserunt,</span> <span class='ocrx_word' id='word_1_148' title='bbox 671 1991 769 2053; x_wconf 90' lang='lat' dir='ltr'>quam</span> <span class='ocrx_word' id='word_1_149' title='bbox 783 1991 902 2055; x_wconf 81' lang='lat' dir='ltr'>magna</span> <span class='ocrx_word' id='word_1_150' title='bbox 915 1970 1030 2034; x_wconf 38' lang='lat' dir='ltr'>caede&gt;</span> 
     </span>
     <span class='ocr_line' id='line_1_21' title="bbox 10 2056 1010 2141; baseline -0.006 -14"><span class='ocrx_word' id='word_1_151' title='bbox 10 2062 85 2127; x_wconf 67' lang='lat' dir='ltr'>adira</span> <span class='ocrx_word' id='word_1_152' title='bbox 103 2059 280 2141; x_wconf 87' lang='lat' dir='ltr'>multisque</span> <span class='ocrx_word' id='word_1_153' title='bbox 299 2057 414 2123; x_wconf 87' lang='lat' dir='ltr'>occisis</span> <span class='ocrx_word' id='word_1_154' title='bbox 432 2056 611 2122; x_wconf 87' lang='lat' dir='ltr'>fortissime</span> <span class='ocrx_word' id='word_1_155' title='bbox 630 2058 738 2140; x_wconf 92' lang='lat' dir='ltr'>ipsum</span> <span class='ocrx_word' id='word_1_156' title='bbox 751 2057 1010 2140; x_wconf 80' lang='lat' dir='ltr'>Epaminondam</span> 
     </span>
     <span class='ocr_line' id='line_1_22' title="bbox 10 2145 1011 2236; baseline -0.002 -24"><span class='ocrx_word' id='word_1_157' title='bbox 10 2151 220 2236; x_wconf 80' lang='lat' dir='ltr'>pugnantem,</span> <span class='ocrx_word' id='word_1_158' title='bbox 242 2167 337 2230; x_wconf 91' lang='lat' dir='ltr'>sparo</span> <span class='ocrx_word' id='word_1_159' title='bbox 361 2147 486 2210; x_wconf 87' lang='lat' dir='ltr'>eminus</span> <span class='ocrx_word' id='word_1_160' title='bbox 509 2166 713 2229; x_wconf 87' lang='lat' dir='ltr'>percussum,</span> <span class='ocrx_word' id='word_1_161' title='bbox 737 2145 903 2211; x_wconf 90' lang='lat' dir='ltr'>concidere</span> <span class='ocrx_word' id='word_1_162' title='bbox 926 2145 1011 2211; x_wconf 79' lang='lat' dir='ltr'>uide·</span> 
     </span>
     <span class='ocr_line' id='line_1_23' title="bbox 10 2233 1045 2319; baseline -0.006 -16"><span class='ocrx_word' id='word_1_163' title='bbox 10 2241 91 2304; x_wconf 74' lang='lat' dir='ltr'>runa.</span> <span class='ocrx_word' id='word_1_164' title='bbox 134 2235 232 2300; x_wconf 87' lang='lat' dir='ltr'>buius</span> <span class='ocrx_word' id='word_1_165' title='bbox 259 2256 336 2299; x_wconf 87' lang='lat' dir='ltr'>casu</span> <span class='ocrx_word' id='word_1_166' title='bbox 368 2234 571 2319; x_wconf 87' lang='lat' dir='ltr'>aliquantum</span> <span class='ocrx_word' id='word_1_167' title='bbox 598 2235 755 2299; x_wconf 88' lang='lat' dir='ltr'>retardati</span> <span class='ocrx_word' id='word_1_168' title='bbox 785 2238 862 2298; x_wconf 90' lang='lat' dir='ltr'>sunt</span> <span class='ocrx_word' id='word_1_169' title='bbox 884 2233 1045 2319; x_wconf 64' lang='lat' dir='ltr'>Boeotia</span> 
     </span>
     <span class='ocr_line' id='line_1_24' title="bbox 10 2322 1012 2411; baseline -0.005 -20"><span class='ocrx_word' id='word_1_170' title='bbox 10 2344 108 2411; x_wconf 84' lang='lat' dir='ltr'>neque</span> <span class='ocrx_word' id='word_1_171' title='bbox 144 2328 254 2388; x_wconf 86' lang='lat' dir='ltr'>tamen</span> <span class='ocrx_word' id='word_1_172' title='bbox 290 2322 381 2406; x_wconf 89' lang='lat' dir='ltr'>prius</span> <span class='ocrx_word' id='word_1_173' title='bbox 421 2343 531 2408; x_wconf 80' lang='lat' dir='ltr'>pugna</span> <span class='ocrx_word' id='word_1_174' title='bbox 567 2326 793 2406; x_wconf 83' lang='lat' dir='ltr'>excesserunt,</span> <span class='ocrx_word' id='word_1_175' title='bbox 832 2343 928 2406; x_wconf 90' lang='lat' dir='ltr'>quam</span> <span class='ocrx_word' id='word_1_176' title='bbox 965 2344 1012 2386; x_wconf 92' lang='lat' dir='ltr'>re·</span> 
     </span>
     <span class='ocr_line' id='line_1_25' title="bbox 10 2409 1046 2501; baseline -0.004 -24"><span class='ocrx_word' id='word_1_177' title='bbox 10 2416 189 2501; x_wconf 77' lang='lat' dir='ltr'>pugnantes</span> <span class='ocrx_word' id='word_1_178' title='bbox 221 2412 445 2497; x_wconf 80' lang='lat' dir='ltr'>profligarunt.</span> <span class='ocrx_word' id='word_1_179' title='bbox 491 2415 526 2474; x_wconf 89' lang='lat' dir='ltr'>at</span> <span class='ocrx_word' id='word_1_180' title='bbox 552 2409 809 2494; x_wconf 85' lang='lat' dir='ltr'>Epaminondas,</span> <span class='ocrx_word' id='word_1_181' title='bbox 841 2433 914 2474; x_wconf 87' lang='lat' dir='ltr'>cum</span> <span class='ocrx_word' id='word_1_182' title='bbox 946 2410 1046 2473; x_wconf 83' lang='lat' dir='ltr'>ani-a</span> 
     </span>
     <span class='ocr_line' id='line_1_26' title="bbox 10 2498 1012 2583; baseline -0.007 -16"><span class='ocrx_word' id='word_1_183' title='bbox 10 2502 224 2568; x_wconf 80' lang='lat' dir='ltr'>madverteret</span> <span class='ocrx_word' id='word_1_184' title='bbox 246 2499 451 2564; x_wconf 85' lang='lat' dir='ltr'>mortiferum</span> <span class='ocrx_word' id='word_1_185' title='bbox 474 2519 508 2562; x_wconf 88' lang='lat' dir='ltr'>se</span> <span class='ocrx_word' id='word_1_186' title='bbox 526 2499 642 2564; x_wconf 85' lang='lat' dir='ltr'>vulnus</span> <span class='ocrx_word' id='word_1_187' title='bbox 662 2499 824 2583; x_wconf 90' lang='lat' dir='ltr'>accepisse</span> <span class='ocrx_word' id='word_1_188' title='bbox 843 2498 1012 2581; x_wconf 86' lang='lat' dir='ltr'>simulque,</span> 
     </span>
     <span class='ocr_line' id='line_1_27' title="bbox 10 2586 1012 2672; baseline -0.007 -17"><span class='ocrx_word' id='word_1_189' title='bbox 10 2589 189 2672; x_wconf 71' lang='lat' dir='ltr'>sirenum,</span> <span class='ocrx_word' id='word_1_190' title='bbox 213 2588 299 2671; x_wconf 91' lang='lat' dir='ltr'>quod</span> <span class='ocrx_word' id='word_1_191' title='bbox 322 2608 361 2651; x_wconf 85' lang='lat' dir='ltr'>ex</span> <span class='ocrx_word' id='word_1_192' title='bbox 383 2586 496 2650; x_wconf 88' lang='lat' dir='ltr'>hastili</span> <span class='ocrx_word' id='word_1_193' title='bbox 519 2587 554 2650; x_wconf 93' lang='lat' dir='ltr'>in</span> <span class='ocrx_word' id='word_1_194' title='bbox 577 2609 711 2670; x_wconf 89' lang='lat' dir='ltr'>corpore</span> <span class='ocrx_word' id='word_1_195' title='bbox 730 2589 938 2669; x_wconf 85' lang='lat' dir='ltr'>remanserat,</span> <span class='ocrx_word' id='word_1_196' title='bbox 962 2606 1012 2649; x_wconf 83' lang='lat' dir='ltr'>er-</span> 
     </span>
     <span class='ocr_line' id='line_1_28' title="bbox 10 2674 1013 2761; baseline -0.008 -17"><span class='ocrx_word' id='word_1_197' title='bbox 10 2678 169 2761; x_wconf 69' lang='lat' dir='ltr'>traxissct,</span> <span class='ocrx_word' id='word_1_198' title='bbox 192 2675 333 2740; x_wconf 90' lang='lat' dir='ltr'>animam</span> <span class='ocrx_word' id='word_1_199' title='bbox 347 2675 460 2739; x_wconf 89' lang='lat' dir='ltr'>statim</span> <span class='ocrx_word' id='word_1_200' title='bbox 474 2675 677 2759; x_wconf 86' lang='lat' dir='ltr'>emissurum,</span> <span class='ocrx_word' id='word_1_201' title='bbox 699 2696 801 2758; x_wconf 90' lang='lat' dir='ltr'>usque</span> <span class='ocrx_word' id='word_1_202' title='bbox 815 2696 853 2738; x_wconf 92' lang='lat' dir='ltr'>eo</span> <span class='ocrx_word' id='word_1_203' title='bbox 867 2674 1013 2757; x_wconf 88' lang='lat' dir='ltr'>retinuit,</span> 
     </span>
     <span class='ocr_line' id='line_1_29' title="bbox 10 2762 1049 2851; baseline -0.006 -20"><span class='ocrx_word' id='word_1_204' title='bbox 10 2765 113 2851; x_wconf 59' lang='lat' dir='ltr'>quoad</span> <span class='ocrx_word' id='word_1_205' title='bbox 135 2764 358 2830; x_wconf 89' lang='lat' dir='ltr'>renuntiatum</span> <span class='ocrx_word' id='word_1_206' title='bbox 380 2767 431 2827; x_wconf 91' lang='lat' dir='ltr'>est</span> <span class='ocrx_word' id='word_1_207' title='bbox 454 2762 569 2828; x_wconf 80' lang='lat' dir='ltr'>vicisse</span> <span class='ocrx_word' id='word_1_208' title='bbox 592 2762 744 2828; x_wconf 91' lang='lat' dir='ltr'>Boeotos.</span> <span class='ocrx_word' id='word_1_209' title='bbox 782 2763 816 2827; x_wconf 92' lang='lat' dir='ltr'>id</span> <span class='ocrx_word' id='word_1_210' title='bbox 838 2766 1013 2846; x_wconf 88' lang='lat' dir='ltr'>postquam</span> <span class='ocrx_word' id='word_1_211' title='bbox 1031 2777 1049 2825; x_wconf 84' lang='grc'>4</span> 
     </span>
     <span class='ocr_line' id='line_1_30' title="bbox 10 2850 1013 2937; baseline -0.005 -18"><span class='ocrx_word' id='word_1_212' title='bbox 10 2854 140 2937; x_wconf 75' lang='lat' dir='ltr'>audivit,</span> <span class='ocrx_word' id='word_1_213' title='bbox 157 2850 262 2916; x_wconf 76' lang='lat' dir='ltr'>‘satis&#39;</span> <span class='ocrx_word' id='word_1_214' title='bbox 276 2851 383 2935; x_wconf 91' lang='lat' dir='ltr'>inquit</span> <span class='ocrx_word' id='word_1_215' title='bbox 398 2850 489 2914; x_wconf 73' lang='lat' dir='ltr'>‘vixit</span> <span class='ocrx_word' id='word_1_216' title='bbox 512 2851 653 2916; x_wconf 84' lang='lat' dir='ltr'>invictus</span> <span class='ocrx_word' id='word_1_217' title='bbox 668 2852 753 2916; x_wconf 88' lang='lat' dir='ltr'>enim</span> <span class='ocrx_word' id='word_1_218' title='bbox 768 2850 910 2915; x_wconf 69' lang='lat' dir='ltr'>morior?</span> <span class='ocrx_word' id='word_1_219' title='bbox 942 2855 1013 2914; x_wconf 84' lang='lat' dir='ltr'>tum</span> 
     </span>
     <span class='ocr_line' id='line_1_31' title="bbox 10 2939 769 3008; baseline -0.007 -1"><span class='ocrx_word' id='word_1_220' title='bbox 10 2939 97 3008; x_wconf 73' lang='lat' dir='ltr'>ferro</span> <span class='ocrx_word' id='word_1_221' title='bbox 117 2943 264 3005; x_wconf 84' lang='lat' dir='ltr'>extracto</span> <span class='ocrx_word' id='word_1_222' title='bbox 288 2939 460 3005; x_wconf 85' lang='lat' dir='ltr'>confestim</span> <span class='ocrx_word' id='word_1_223' title='bbox 483 2939 686 3004; x_wconf 86' lang='lat' dir='ltr'>exanimatus</span> <span class='ocrx_word' id='word_1_224' title='bbox 710 2943 769 3003; x_wconf 90' lang='lat' dir='ltr'>est.</span> 
     </span>
    </p>

    <p class='ocr_par' dir='ltr' id='par_1_5' title="bbox 10 3025 1066 3642">
     <span class='ocr_line' id='line_1_32' title="bbox 93 3025 1066 3111; baseline -0.004 -18"><span class='ocrx_word' id='word_1_225' title='bbox 93 3027 158 3093; x_wconf 92' lang='lat' dir='ltr'>Hic</span> <span class='ocrx_word' id='word_1_226' title='bbox 189 3049 323 3093; x_wconf 87' lang='lat' dir='ltr'>uxorem</span> <span class='ocrx_word' id='word_1_227' title='bbox 353 3048 530 3111; x_wconf 90' lang='lat' dir='ltr'>numquam</span> <span class='ocrx_word' id='word_1_228' title='bbox 562 3027 662 3091; x_wconf 86' lang='lat' dir='ltr'>duxit.</span> <span class='ocrx_word' id='word_1_229' title='bbox 707 3027 742 3090; x_wconf 90' lang='lat' dir='ltr'>in</span> <span class='ocrx_word' id='word_1_230' title='bbox 770 3047 833 3110; x_wconf 90' lang='lat' dir='ltr'>quo</span> <span class='ocrx_word' id='word_1_231' title='bbox 862 3048 936 3090; x_wconf 89' lang='lat' dir='ltr'>cum</span> <span class='ocrx_word' id='word_1_232' title='bbox 966 3048 1013 3090; x_wconf 88' lang='lat' dir='ltr'>rc·</span> <span class='ocrx_word' id='word_1_233' title='bbox 1026 3025 1066 3089; x_wconf 90' lang='grc'>10</span> 
     </span>
     <span class='ocr_line' id='line_1_33' title="bbox 10 3113 1013 3204; baseline -0.007 -20"><span class='ocrx_word' id='word_1_234' title='bbox 10 3117 258 3204; x_wconf 76' lang='lat' dir='ltr'>&#39;prehenderetur</span> <span class='ocrx_word' id='word_1_235' title='bbox 271 3137 291 3180; x_wconf 86' lang='lat' dir='ltr'>a</span> <span class='ocrx_word' id='word_1_236' title='bbox 304 3115 468 3199; x_wconf 90' lang='lat' dir='ltr'>Pelopida,</span> <span class='ocrx_word' id='word_1_237' title='bbox 491 3115 546 3199; x_wconf 90' lang='lat' dir='ltr'>qui</span> <span class='ocrx_word' id='word_1_238' title='bbox 567 3116 671 3179; x_wconf 90' lang='lat' dir='ltr'>filium</span> <span class='ocrx_word' id='word_1_239' title='bbox 688 3115 832 3179; x_wconf 89' lang='lat' dir='ltr'>habebat</span> <span class='ocrx_word' id='word_1_240' title='bbox 850 3113 1013 3197; x_wconf 84' lang='lat' dir='ltr'>infamem,</span> 
     </span>
     <span class='ocr_line' id='line_1_34' title="bbox 10 3201 1014 3289; baseline -0.008 -16"><span class='ocrx_word' id='word_1_241' title='bbox 10 3206 155 3289; x_wconf 83' lang='lat' dir='ltr'>maleque</span> <span class='ocrx_word' id='word_1_242' title='bbox 183 3207 256 3270; x_wconf 87' lang='lat' dir='ltr'>eum</span> <span class='ocrx_word' id='word_1_243' title='bbox 283 3204 318 3269; x_wconf 92' lang='lat' dir='ltr'>in</span> <span class='ocrx_word' id='word_1_244' title='bbox 345 3225 383 3268; x_wconf 92' lang='lat' dir='ltr'>eo</span> <span class='ocrx_word' id='word_1_245' title='bbox 410 3204 535 3286; x_wconf 89' lang='lat' dir='ltr'>patriae</span> <span class='ocrx_word' id='word_1_246' title='bbox 564 3202 730 3268; x_wconf 89' lang='lat' dir='ltr'>consulere</span> <span class='ocrx_word' id='word_1_247' title='bbox 760 3202 895 3286; x_wconf 89' lang='lat' dir='ltr'>diceret,</span> <span class='ocrx_word' id='word_1_248' title='bbox 928 3201 1014 3284; x_wconf 91' lang='lat' dir='ltr'>quod</span> 
     </span>
     <span class='ocr_line' id='line_1_35' title="bbox 10 3289 1014 3376; baseline -0.007 -16"><span class='ocrx_word' id='word_1_249' title='bbox 10 3295 129 3361; x_wconf 86' lang='lat' dir='ltr'>iberos</span> <span class='ocrx_word' id='word_1_250' title='bbox 151 3314 217 3357; x_wconf 93' lang='lat' dir='ltr'>non</span> <span class='ocrx_word' id='word_1_251' title='bbox 239 3293 445 3376; x_wconf 89' lang='lat' dir='ltr'>relinqueret,</span> <span class='ocrx_word' id='word_1_252' title='bbox 468 3290 562 3355; x_wconf 76' lang='lat' dir='ltr'>‘vide&#39;</span> <span class='ocrx_word' id='word_1_253' title='bbox 585 3291 692 3373; x_wconf 86' lang='lat' dir='ltr'>inquit</span> <span class='ocrx_word' id='word_1_254' title='bbox 707 3289 758 3354; x_wconf 75' lang='lat' dir='ltr'>‘ne</span> <span class='ocrx_word' id='word_1_255' title='bbox 776 3294 814 3354; x_wconf 93' lang='lat' dir='ltr'>tu</span> <span class='ocrx_word' id='word_1_256' title='bbox 834 3290 926 3374; x_wconf 88' lang='lat' dir='ltr'>peius</span> <span class='ocrx_word' id='word_1_257' title='bbox 941 3310 1014 3353; x_wconf 88' lang='lat' dir='ltr'>con·</span> 
     </span>
     <span class='ocr_line' id='line_1_36' title="bbox 10 3378 1048 3465; baseline -0.012 -15"><span class='ocrx_word' id='word_1_258' title='bbox 10 3382 109 3465; x_wconf 75' lang='lat' dir='ltr'>ulae,</span> <span class='ocrx_word' id='word_1_259' title='bbox 140 3381 195 3464; x_wconf 87' lang='lat' dir='ltr'>qui</span> <span class='ocrx_word' id='word_1_260' title='bbox 223 3381 324 3445; x_wconf 89' lang='lat' dir='ltr'>talem</span> <span class='ocrx_word' id='word_1_261' title='bbox 350 3401 390 3444; x_wconf 85' lang='lat' dir='ltr'>ex</span> <span class='ocrx_word' id='word_1_262' title='bbox 417 3384 450 3443; x_wconf 94' lang='lat' dir='ltr'>te</span> <span class='ocrx_word' id='word_1_263' title='bbox 477 3383 591 3443; x_wconf 90' lang='lat' dir='ltr'>natum</span> <span class='ocrx_word' id='word_1_264' title='bbox 613 3378 787 3444; x_wconf 90' lang='lat' dir='ltr'>relicturus</span> <span class='ocrx_word' id='word_1_265' title='bbox 811 3378 875 3442; x_wconf 62' lang='lat' dir='ltr'>sis?</span> <span class='ocrx_word' id='word_1_266' title='bbox 909 3391 1048 3458; x_wconf 83' lang='lat' dir='ltr'>nequen</span> 
     </span>
     <span class='ocr_line' id='line_1_37' title="bbox 10 3467 1014 3553; baseline -0.008 -18"><span class='ocrx_word' id='word_1_267' title='bbox 10 3486 82 3538; x_wconf 75' lang='lat' dir='ltr'>iero</span> <span class='ocrx_word' id='word_1_268' title='bbox 106 3469 208 3553; x_wconf 87' lang='lat' dir='ltr'>stirps</span> <span class='ocrx_word' id='word_1_269' title='bbox 230 3472 341 3552; x_wconf 84' lang='lat' dir='ltr'>potest</span> <span class='ocrx_word' id='word_1_270' title='bbox 363 3467 444 3531; x_wconf 89' lang='lat' dir='ltr'>mihi</span> <span class='ocrx_word' id='word_1_271' title='bbox 467 3467 590 3531; x_wconf 87' lang='lat' dir='ltr'>deesse:</span> <span class='ocrx_word' id='word_1_272' title='bbox 612 3488 752 3550; x_wconf 91' lang='lat' dir='ltr'>namque</span> <span class='ocrx_word' id='word_1_273' title='bbox 775 3488 814 3530; x_wconf 87' lang='lat' dir='ltr'>ex</span> <span class='ocrx_word' id='word_1_274' title='bbox 833 3486 884 3528; x_wconf 93' lang='lat' dir='ltr'>me</span> <span class='ocrx_word' id='word_1_275' title='bbox 902 3467 1014 3527; x_wconf 88' lang='lat' dir='ltr'>natam</span> 
     </span>
     <span class='ocr_line' id='line_1_38' title="bbox 10 3551 1014 3642; baseline -0.014 -15"><span class='ocrx_word' id='word_1_276' title='bbox 10 3559 155 3642; x_wconf 83' lang='lat' dir='ltr'>elinqno</span> <span class='ocrx_word' id='word_1_277' title='bbox 182 3577 323 3642; x_wconf 82' lang='lat' dir='ltr'>pugnam</span> <span class='ocrx_word' id='word_1_278' title='bbox 352 3553 568 3639; x_wconf 88' lang='lat' dir='ltr'>Leuctricam,</span> <span class='ocrx_word' id='word_1_279' title='bbox 601 3575 682 3637; x_wconf 89' lang='lat' dir='ltr'>quae</span> <span class='ocrx_word' id='word_1_280' title='bbox 714 3575 780 3618; x_wconf 90' lang='lat' dir='ltr'>non</span> <span class='ocrx_word' id='word_1_281' title='bbox 810 3551 905 3616; x_wconf 94' lang='lat' dir='ltr'>modo</span> <span class='ocrx_word' id='word_1_282' title='bbox 933 3551 1014 3615; x_wconf 90' lang='lat' dir='ltr'>mihi</span> 
     </span>
    </p>
   </div>
   <div class='ocr_carea' id='block_1_3' title="bbox 0 0 1166 4020">
    <p class='ocr_par' dir='ltr' id='par_1_6' title="bbox 0 0 1166 4020">
     <span class='ocr_line' id='line_1_39' title="bbox 0 0 1166 4020; baseline 0 0"><span class='ocrx_word' id='word_1_283' title='bbox 0 0 1166 4020; x_wconf 95' lang='lat' dir='ltr'> </span> 
     </span>
    </p>
   </div>
  </div>
 </body>
</html>
