2324 4020
343 220 441 279 XXIII.
460 224 658 282 HANNIBAL.
687 233 766 283 3-5.
894 302 903 322 ο
1015 232 1057 295 91

61 367 137 452 ecit,
160 366 280 432 itinera
302 369 436 454 muniit,
458 369 566 436 effecit
588 375 626 436 ut
648 394 688 437 ea
709 373 901 458 elephantus
925 378 1059 440 ornatus

61 481 93 522 re
118 460 242 541 posset,
265 477 329 540 qua
352 461 448 523 antea
469 476 553 523 unus
575 458 674 525 homo
697 461 829 526 inermis
852 462 907 527 uix
929 467 1060 546 poterat

61 567 174 630 spere.
210 544 272 610 hac
294 545 405 629 copias
429 547 575 611 traduxit
595 547 632 612 in
654 546 850 634 Italiamque
872 550 1028 634 pervenit.

139 631 339 700 Conflixerat
360 634 446 718 apud
464 632 659 700 Rhodanum
680 656 755 701 cum
773 635 809 701 P.
823 636 973 703 Cornelio
993 635 1059 703 Sci·
1077 639 1097 702 4

61 723 147 788 >ione
181 722 311 786 consuls
343 743 481 805 eumque
512 723 691 806 pepulerat.
744 744 819 789 cum
852 724 915 790 hoo
946 726 1059 791 eodem

61 809 204 876 llastidii
231 809 316 892 apud
344 807 469 875 Padum
501 810 645 876 decernit
678 813 888 896 sauciumque
919 813 994 878 inde
1022 835 1060 878 ac

61 899 203 984 fugarum
226 897 372 962 dimittit.
410 897 508 963 tertio
531 898 617 963 idem
637 897 746 984 Scipio
770 921 844 966 oum
868 901 994 987 collega
1012 901 1094 965 Tin

61 987 166 1072 longo
198 985 284 1069 apud
310 984 461 1050 Trebiam
489 987 642 1051 adversus
669 1008 744 1052 eum
770 989 868 1054 venit.
914 1011 988 1055 cum
1016 989 1058 1053 iis

61 1095 184 1139 nanum
207 1073 384 1157 conseruit,
411 1077 567 1157 utrosque
590 1075 786 1161 profligavit
831 1077 905 1142 inde
928 1100 987 1162 per
1008 1076 1060 1141 Li-

61 1183 149 1249 pnes
172 1160 402 1246 Appenninum
424 1163 565 1245 transiit,
589 1166 702 1246 petens
725 1163 902 1229 Etruriam.
939 1164 1002 1230 hoc
1024 1167 1094 1230 ias

61 1251 168 1315 itinere
186 1249 266 1313 adeo
285 1249 377 1335 gravi
396 1251 510 1315 morbo
530 1249 671 1315 afficitur
690 1251 867 1338 oculorum,
889 1256 928 1317 ut
945 1256 1061 1336 postca

61 1359 228 1422 numquam
251 1337 364 1402 dextro
388 1358 489 1421 aeque
513 1339 592 1403 bene
610 1360 688 1403 usus
707 1338 760 1403 sit
793 1360 858 1423 qua
875 1340 1059 1405 valetudine

61 1449 126 1492 cum
144 1426 322 1491 etiamnum
344 1429 545 1508 premeretur
567 1427 747 1511 lecticaque
766 1426 914 1512 ferretur,
937 1426 973 1493 O.
986 1426 1059 1492 Fla-

61 1515 188 1580 minium
216 1512 381 1578 consulem
409 1513 494 1597 apud
520 1513 778 1579 Trasumennum
811 1537 884 1580 cum
915 1515 1059 1581 exercitu

61 1603 179 1668 insidiis
193 1602 448 1667 cirumventam
462 1601 589 1685 occidit,
602 1623 707 1686 neque
721 1604 825 1667 multo
839 1608 916 1687 post
930 1602 965 1669 Ο.
979 1602 1060 1669 Cen-

62 1691 176 1755 tenium
198 1692 383 1774 praetorem
405 1710 479 1754 cum
502 1690 627 1755 delecta
650 1711 747 1755 manu
776 1691 879 1756 saltus
903 1713 1059 1775 occupan-

63 1781 128 1843 tem.
159 1778 236 1842 hino
249 1777 284 1841 in
297 1775 451 1861 Apuliam
464 1778 620 1861 pervenit.
651 1779 699 1843 ibi
714 1778 844 1843 obviam
858 1779 888 1843 ei
902 1782 1094 1843 venerumta

65 1867 117 1931 duo
140 1865 297 1948 consules,
320 1863 355 1930 C.
367 1864 545 1932 Terentius
568 1870 603 1930 et
624 1865 660 1931 L.
686 1864 852 1935 Aemilius.
888 1866 1058 1950 utriusque

65 1954 212 2020 exercitus
234 1972 300 2018 uno
323 1952 448 2036 proelio
470 1953 607 2039 fugavit,
630 1952 769 2018 Paulum
791 1953 957 2018 consulem
977 1953 1059 2018 occi-

66 2041 104 2106 dit
125 2045 159 2107 et
181 2041 308 2124 aliquot
329 2044 499 2124 praeterea
521 2042 719 2125 consulares,
746 2041 781 2104 in
803 2041 850 2105 eis
873 2039 930 2106 On.
955 2039 1059 2106 servi-

65 2127 134 2194 lium
157 2128 344 2212 Geminum,
366 2129 422 2212 qui
445 2129 611 2212 superiore
634 2150 717 2193 anno
740 2127 848 2193 fuerat
870 2129 992 2194 consul.

140 2216 212 2282 Hac
233 2237 344 2301 pugna
365 2221 512 2301 pugnata
534 2216 673 2281 Romam
700 2216 866 2300 profectus
893 2217 984 2282 nullo
1012 2239 1059 2281 re=
1077 2216 1098 2282 5
1118 2256 1121 2263 ·

66 2305 188 2370 sistente
206 2305 241 2369 in
258 2304 450 2388 propinquis
468 2305 542 2369 urbi
557 2305 722 2369 montibus
737 2308 884 2370 moratus
898 2308 957 2369 est.
985 2326 1060 2369 oum

66 2394 179 2478 ahquot
205 2392 252 2456 ibi
280 2392 348 2456 dies
376 2395 484 2456 castra
505 2392 675 2457 habuisset
698 2396 731 2457 et
754 2391 899 2475 Capuam
921 2395 1059 2457 reverte

65 2485 151 2565 retur,
175 2479 212 2557 Q.
225 2479 347 2545 Fabius
365 2479 537 2563 Maximus,
560 2480 701 2545 dictator
722 2479 898 2564 Romanus,
920 2480 955 2543 in
978 2500 1057 2564 agro

65 2565 191 2635 Falerno
215 2568 245 2632 ei
268 2590 302 2633 se
326 2568 454 2633 obiecit.
498 2568 553 2632 hio
575 2569 704 2633 clausus
727 2568 873 2633 locorum
896 2567 1057 2652 angustiis
1076 2585 1092 2632 2

64 2661 151 2724 noctu
174 2657 243 2721 sine
265 2655 333 2721 ullo
356 2656 552 2721 detrimento
574 2657 735 2720 exercitus
759 2677 793 2721 se
816 2655 980 2738 expedivit
993 2654 1058 2737 Ἑα-

63 2742 180 2831 hicque,
202 2743 411 2809 callidissimo
434 2743 634 2830 imperatori,
656 2744 745 2808 dedit
767 2743 874 2808 verba
918 2764 1059 2827 namque

63 2834 194 2899 obducta
214 2836 311 2896 nocte
333 2835 498 2896 sarmenta
519 2832 554 2896 in
576 2832 728 2897 cornibus
751 2831 961 2895 iuvencorum
983 2831 1059 2896 deli-

62 2926 131 3005 gata
153 2920 297 2986 incendit
319 2920 451 3003 eiusque
479 2919 606 3004 generis
634 2919 878 2984 multitudinem
906 2939 1059 3004 magnam

61 3008 248 3094 dispalatam
270 3007 416 3072 immisit.
462 3027 526 3090 quo
550 3007 719 3090 repentino
742 3006 815 3072 visu
838 3007 967 3072 obiecto
991 3010 1060 3071 tan-

61 3100 123 3162 tum
145 3101 304 3162 terrorem
325 3094 438 3159 iniecit
460 3096 616 3159 exercitui
633 3093 865 3177 Romanorum,
888 3099 926 3159 ut
949 3094 1059 3179 egredi

61 3189 145 3250 extra
166 3183 288 3250 vallum
309 3204 405 3248 nemo
429 3183 473 3247 sit
492 3205 598 3247 ausus.
634 3183 718 3248 hano
741 3186 817 3266 post
839 3180 909 3246 rem
931 3185 1093 3266 gestamo

61 3294 118 3339 non
135 3273 185 3338 ita
203 3271 316 3336 multis
337 3271 450 3336 diebus
463 3270 507 3335 M.
522 3270 701 3336 Minucium
714 3269 846 3354 Rufum,
865 3269 1059 3354 magistrum

61 3362 200 3446 equitum
222 3360 294 3443 pari
317 3380 354 3423 ao
377 3359 571 3423 dictatorcm
594 3358 745 3442 imperio,
768 3358 842 3422 dolo
865 3356 1060 3440 productum

61 3445 477 3603 pfflmpffl
493 3442 1059 3599 Stallffitffltttlutltffi

61 3585 68 3603 ‘
226 3585 236 3619 l
