2324 4020
312 217 383 274 XVI.
403 217 610 274 PELOPIDAS.
640 225 717 274 1-3.
976 221 1020 286 63

61 359 105 425 lod
125 363 281 447 susceptis
300 362 481 429 inimicitiis
500 365 604 428 satius
623 364 784 429 ducebant
803 386 858 429 eos
878 365 1020 431 obsideri

61 465 113 514 am
133 452 272 516 liberari.
305 473 382 516 nam
400 455 477 535 post
490 449 763 537 Peloponnesium
781 453 905 517 bellum
918 453 1019 518 Athe

61 554 134 622 sque
161 540 304 605 devictas
331 561 405 604 cum
432 538 595 604 Thebanis
624 540 688 605 sibi
715 563 784 605 rcm
811 562 882 605 essa
910 541 1019 606 existi-

62 625 145 692 abant
176 632 210 693 et
237 649 292 693 eos
324 648 394 693 essa
427 627 529 711 solos,
561 627 618 713 qui
650 629 803 694 adversus
836 651 870 693 se
902 630 1017 695 sistere

61 715 174 780 aderent.
219 716 280 781 hac
303 720 411 781 mente
434 716 547 781 amicis
571 717 639 780 suis
662 739 806 782 summas
835 721 1017 801 potestates
1036 737 1055 784 4

61 803 164 868 derant
186 804 384 888 alteriusque
407 802 559 870 factionis
583 805 746 890 principes
769 807 891 890 partim
920 806 1018 871 inter-

61 897 168 976 crant,
190 893 272 957 alios
299 893 335 957 in
361 892 493 956 exilium
521 892 695 958 eiecerunt:
727 894 903 979 inquibus
927 893 1018 959 Pelo·

61 980 102 1044 las
122 981 185 1065 hic,
207 981 245 1045 de
265 1002 329 1065 quo
349 980 489 1046 scribere
508 982 615 1046 exorsi
633 1003 755 1066 sumus,
778 983 892 1067 pulsus
910 983 1018 1066 patria

61 1070 150 1133 rebat.

98 1156 143 1221 Hi
166 1178 277 1222 omnes
300 1157 367 1221 fere
390 1155 537 1221 Athenas
561 1177 595 1221 sa
619 1159 840 1240 contulerant,
863 1179 930 1222 non
952 1167 1056 1242 quo2

61 1251 222 1329 querentur
248 1245 365 1328 otium,
393 1245 450 1308 sed
476 1249 527 1329 ut,
556 1266 652 1328 quem
676 1267 714 1309 ex
736 1246 885 1329 proximo
908 1245 1017 1311 locum

62 1356 77 1397 s
97 1333 280 1416 obtulisset,
303 1355 341 1398 eo
365 1333 505 1417 patriam
524 1354 714 1417 recuperare
732 1333 923 1398 niterentur.
957 1334 1017 1397 ita·
1036 1359 1051 1407 2

61 1445 72 1487 a
88 1444 162 1487 cum
176 1426 305 1505 tempus
319 1424 405 1485 esset
419 1421 525 1485 visum
543 1421 591 1485 rei
610 1421 777 1506 gerendae,
801 1421 1016 1486 communiter

61 1511 156 1593 niis,
179 1510 235 1593 qui
253 1508 373 1573 Thebis
396 1509 483 1574 idem
501 1509 695 1593 sentiebant,
718 1509 804 1574 diem
827 1510 1016 1596 delegerunt

63 1598 213 1663 inimicos
228 1597 455 1681 opprimendos
471 1598 700 1680 civitatemque
714 1598 916 1663 liberandam
933 1621 1016 1683 eum,

61 1709 73 1751 ι
111 1686 244 1750 maximi
280 1686 492 1771 magistratus
524 1686 622 1750 simul
655 1690 850 1751 consuerant
881 1687 1015 1770 epulari.

61 1797 146 1861 gnae
169 1795 264 1857 saepe
287 1795 339 1838 res
362 1795 428 1838 non
450 1774 499 1836 ita
521 1774 648 1860 magnis
672 1775 774 1857 copiis
797 1777 873 1839 sunt
894 1779 1049 1860 gestae,3

61 1917 64 1926 ι
96 1862 242 1947 profecto
274 1882 451 1945 numquam
483 1866 552 1925 tam
582 1863 622 1926 ab
655 1863 746 1926 tenui
776 1862 871 1927 initio
904 1866 1015 1926 tantae

61 1973 86 2015 es
119 1955 196 2015 sunt
226 1950 427 2036 profligatae.
471 1971 548 2014 nam
580 1951 749 2015 duodecim
780 1950 1014 2014 adulescentuli

61 2043 156 2103 erunt
178 2059 218 2102 ex
240 2039 290 2122 iis,
313 2039 369 2121 qui
393 2037 489 2103 exilio
514 2042 607 2102 erant
626 2038 766 2121 multati,
789 2059 863 2102 cum
882 2037 1013 2102 omnino

61 2150 74 2191 1
105 2131 214 2191 essent
245 2127 384 2210 amplius
417 2131 561 2209 centum,
593 2127 650 2211 qni
677 2130 770 2190 tanto
798 2147 832 2191 se
861 2125 1015 2191 offerrent

61 2215 160 2281 iculo.
196 2237 261 2316 qua
273 2215 420 2316 paucitat
421 2236 438 2279 c
457 2215 606 2315 perculsa
620 2219 670 2279 est
684 2213 1014 2280 Lacedaemoniorum

61 2304 164 2368 entia.
208 2303 233 2366 ii
260 2303 346 2368 enim
373 2325 439 2369 non
468 2304 574 2389 magis
597 2303 856 2368 adversariorum
878 2302 1049 2380 faotioni4

61 2414 106 2456 am
134 2389 304 2475 Spartanis
332 2413 369 2457 eo
398 2395 545 2475 tempore
576 2391 698 2455 bellum
730 2391 925 2492 intulerunt,
957 2392 1014 2473 qui

61 2481 170 2564 ncipes
193 2484 286 2544 crant
308 2480 411 2545 totius
436 2478 604 2545 Graeciae.
631 2500 770 2562 quorum
796 2479 925 2562 imperii
948 2500 1013 2542 ma-

61 2573 118 2652 tas,
140 2589 244 2652 neque
267 2569 315 2633 ita
280 2568 442 2633 tmulto
465 2572 552 2652 post,
574 2566 703 2632 Leuct
662 2571 745 2632 trrca
762 2588 872 2652 pugna
891 2567 932 2630 ab
951 2566 1013 2631 hoc

61 2768 72 2808 ι
95 2749 166 2809 erat
183 2743 365 2830 Pelopidas,
388 2746 489 2825 [cum]
509 2659 649 2808 Atheiris
667 2743 809 2808 interdiu
834 2744 1014 2827 [exissent],

68 2837 312 2916 vesperascente
331 2832 419 2897 caelo
434 2832 563 2897 Thebas
586 2835 721 2914 possent
743 2832 920 2917 pervenire,
940 2853 1014 2896 cum

61 2921 142 2986 ribus
152 2921 309 2986 venaticis
319 2922 476 3004 exierunt,
489 2921 572 2984 retia
585 2918 737 3004 ferentes,
750 2921 873 2985 vestitu
883 2921 1015 3005 agresti,

61 3033 72 3075 r
101 3010 225 3074 minore
252 3010 434 3094 suspicione
462 3008 606 3073 facerent
632 3008 704 3073 iter.
751 3009 806 3092 qui
835 3030 908 3073 cum
935 3011 1014 3071 tem-

61 3120 85 3163 rc
108 3099 190 3182 ipso,
213 3119 277 3181 quo
301 3098 502 3181 studuerant,
523 3096 756 3180 pervenissent,
778 3097 910 3161 domum
933 3094 1014 3161 Cha-

61 3188 95 3251 ris
119 3187 335 3269 deverterunt,
359 3207 461 3269 aquo
481 3189 514 3249 et
532 3189 661 3267 tempus
681 3189 714 3249 et
700 3185 800 3249 tdies
820 3189 890 3248 erat
908 3184 1013 3247 datus

94 3273 168 3339 Hoc
191 3274 263 3339 loco
286 3274 441 3339 libett
391 3279 441 3338 mt
443 3294 607 3357 erponerc,
631 3273 694 3337 etsi
717 3273 827 3337 seiunc
829 3276 900 3336 tum
918 3270 958 3333 ab
978 3290 1013 3333 re
1031 3286 1052 3348 3

61 3363 176 3448 posita
199 3367 257 3445 est,
280 3363 381 3426 nimia
403 3362 522 3426 fiducia
545 3365 647 3447 quant
648 3383 686 3425 ae
633 3359 890 3425 tcalamitati
909 3356 1013 3421 soleat

61 3475 84 3517 e.
118 3472 196 3515 nam
215 3452 467 3536 magistratuum
481 3448 841 3514 Thebanorumsttatim
860 3445 901 3509 ad
919 3465 1013 3508 aures

61 3539 154 3606 venit
177 3540 318 3603 exules'
310 3562 345 3604 ιιι
367 3540 481 3602 urbem
499 3538 634 3603 venisse.
670 3537 704 3600 id
726 3536 775 3599 illi
798 3535 873 3598 vino
897 3532 1014 3616 epulis
