2324 4020
279 233 314 287 n.
333 231 614 288 nnnnrsrocnas.
643 238 737 287 s-ro.
971 231 1012 294 13
1118 283 1121 289 .

47 399 122 441 vem
145 377 251 441 tenuit
272 377 308 440 in
330 377 457 442 ancoris
476 399 580 461 neque
599 398 795 461 quemquam
813 398 853 440 ex
871 398 909 440 ea
927 377 1013 440 exire

47 487 122 529 ssns
146 469 205 528 est.
243 465 316 529 inde
339 464 508 548 Ephesum
530 465 678 548 pervenit
700 465 810 549 ibique
833 464 1014 528 Themisto-

47 575 89 616 111
118 552 259 635 exponit.
309 553 360 617 cui
393 553 448 616 ille
477 575 537 637 pro
568 553 694 617 meritis
726 556 841 636 postea
872 551 1013 637 gratiam

47 640 144 706 ttulit.
611 654 618 665 ·
775 663 782 678 ·

96 727 172 792 Scio
190 728 362 811 plerosque
379 729 428 792 ita
447 729 625 812 scripsisse,
642 728 895 794 Themistoclem
909 727 1013 793 Xerxe
1032 730 1053 794 9

47 819 165 903 gnante
183 815 219 879 in
231 815 346 881 Asiam
364 816 530 880 transisse.
563 817 619 881 sed
633 837 694 902 ego
708 816 917 901 potissimum
930 816 1015 879 Thu·

48 904 115 969 didi
140 904 243 987 credo,
267 905 352 987 quod
374 909 404 968 11
424 907 531 968 aetate
554 905 721 987 proximus
740 905 779 969 de
797 904 847 988 iis,
871 904 927 987 qui
944 903 1015 968 illo-

47 1014 82 1056 m
98 997 283 1074 temporum
301 991 474 1056 historiam
492 992 704 1075 reliquerimt,
727 996 761 1056 et
779 991 922 1056 eiusdem
941 992 1015 1056 civi-

47 1081 89 1143 111
116 1079 189 1143 tuit.
233 1081 263 1143 is
291 1084 401 1144 autem
428 1080 475 1144 ait
505 1080 545 1144 ad
567 1079 768 1144 Artaxerxen
793 1101 866 1143 eum
889 1081 1015 1144 venisse
1086 1127 1088 1132 .

47 1188 108 1250 que
126 1168 178 1231 his
197 1167 305 1232 verbis
323 1168 498 1251 epistulam
512 1168 653 1232 misisse:
677 1167 928 1232 ‘Themistocles
941 1167 1016 1232 reni
1034 1186 1050 1234 2

47 1259 51 1318 l
73 1259 116 1339 te,
140 1255 195 1338 qui
213 1255 353 1338 plurima
371 1256 457 1319 mala
475 1256 620 1320 omnium
640 1253 813 1319 Graiorum
830 1255 866 1318 11
883 1255 1016 1319 domum

47 1364 101 1406 ,arn
138 1343 248 1426 intuli,
286 1343 439 1426 quamdiu
472 1344 553 1408 mihi
584 1364 716 1408 necesse
750 1343 814 1406 fuit
846 1343 1015 1407 adversum

47 1436 138 1495 111111
151 1435 244 1495 tuum
257 1431 379 1495 bellare
391 1431 596 1515 patriamque
610 1453 717 1496 111111
730 1430 908 1495 defendere.
930 1431 1017 1494 idem
1035 1450 1051 1498 1

46 1519 115 1583 ulto
138 1519 233 1601 plura
255 1519 341 1583 bona
362 1517 439 1601 feci,
461 1525 636 1602 postquam
659 1520 788 1583 intuto
812 1519 882 1602 ipse
906 1524 939 1582 et
961 1519 1016 1582 ille
1070 1517 1075 1526 '

47 1663 49 1669 ,
72 1606 216 1690 periculo
246 1628 317 1670 esse
345 1607 460 1690 coepit.
504 1628 581 1671 nam
604 1629 677 1672 cum
704 1608 738 1671 in
760 1606 875 1671 Asiam
898 1607 1017 1671 reverti

47 1694 109 1759 11111
131 1694 256 1777 proelio
280 1695 364 1777 apud
388 1693 553 1759 Salamina
579 1695 681 1780 facto,
711 1695 832 1759 litteris
856 1716 929 1758 eum
953 1717 1017 1760 cer-

47 1804 129 1846 erem
151 1781 214 1846 1111
240 1782 273 1846 id
297 1783 349 1867 agi
372 1786 409 1845 ut
431 1804 530 1866 pons,
558 1804 654 1865 quem
680 1783 715 1846 in
737 1782 951 1865 Hellesponto
973 1783 1017 1847 fe-

47 1875 113 1955 1111,
146 1869 376 1935 dissolveretur
403 1874 501 1952 atque
528 1871 569 1934 ab
601 1871 751 1935 hostibus
780 1871 1017 1935 circumiretur:

47 1980 77 2022 ro
103 1958 219 2027 nuntio
246 1957 302 2020 ille
329 1957 474 2040 periculo
502 1963 552 2022 est
583 1959 750 2022 liberatus.
794 1979 880 2021 nunc
908 1963 1053 2025 autema

47 2046 144 2131 ›nfugi
163 2046 203 2109 ad
221 2049 254 2109 11
269 2047 452 2130 exagitatus
468 2050 617 2110 acuncta
631 2045 776 2128 Graecia,
794 2050 885 2108 tuam
903 2050 1017 2130 petens

47 2134 206 2198 nicitiam:
230 2155 326 2217 quam
346 2134 374 2198 si
393 2155 448 2198 ero
463 2134 608 2218 adeptus,
625 2155 692 2198 non
706 2134 813 2198 minus
827 2154 879 2196 me
895 2135 1018 2208 bonum

47 2222 154 2286 nicum
175 2221 321 2305 habebis,
344 2243 441 2305 quam
463 2222 582 2286 fortem
605 2222 773 2286 inimicum
790 2221 846 2285 ille
866 2227 1017 2306 expertus

47 2313 75 2372 11.
105 2314 138 2374 11
157 2312 266 2374 autem
285 2331 375 2394 rogo,
397 2314 435 2374 ut
453 2310 492 2374 de
510 2310 551 2373 iis
570 2310 676 2392 rebus,
696 2331 775 2392 quas
795 2314 902 2374 tecum
921 2311 1018 2375 collo-

47 2397 184 2481 nirolo,
212 2419 354 2461 annuum
381 2397 461 2461 mihi
490 2402 618 2481 tempus
646 2398 702 2462 des
725 2418 827 2480 eoque
850 2402 1017 2463 transacto

47 2485 111 2549 111
132 2485 242 2549 venire
264 2483 421 2568 patiaris?

101 2572 207 2637 Huius
225 2594 282 2638 rex
300 2574 399 2637 animi
418 2573 674 2659 magnitudinem
693 2572 855 2636 admirans
874 2573 1071 2657 cupiens-10

47 2681 77 2724 ue
108 2661 208 2725 talem
236 2661 343 2725 virum
375 2661 439 2725 sibi
469 2661 635 2726 conciliari
661 2661 790 2725 reniam
821 2660 917 2724 dedit.
962 2662 1019 2725 ille

47 2768 108 2812 mne
125 2749 207 2813 illud
225 2752 355 2832 tempus
373 2749 494 2813 litteris
509 2749 713 2831 sermonique
727 2747 900 2813 Persarum
917 2749 1018 2814 dedit:

47 2835 131 2900 nibus
150 2836 230 2900 adeo
250 2837 394 2902 eruditus
413 2842 472 2921 est,
494 2841 532 2900 ut
550 2836 654 2900 multo
674 2836 874 2901 commodius
893 2837 1019 2902 dicatur

47 2924 99 3006 pud
122 2945 232 3010 regem
254 2924 353 2988 rerba
375 2924 504 3007 fecisse,
532 2946 629 3008 quam
656 2924 680 2987 ii
707 2928 874 3007 poterant,
902 2926 958 3008 qui
984 2927 1018 2990 in

47 3012 144 3076 erside
173 3018 266 3076 erant
293 3013 371 3077 nati.
409 3013 469 3077 hic
498 3034 570 3077 cum
597 3011 702 3076 multa
724 3012 794 3097 regi
818 3016 904 3076 esset
926 3014 1053 3096 pollis

47 3101 99 3162 tus
122 3100 408 3184 gratissimumque
431 3100 521 3182 illud,
544 3100 571 3164 si
594 3101 661 3163 suis
680 3100 729 3162 uti
749 3099 893 3164 consiliis
912 3102 1019 3184 vellet,

47 3184 106 3251 lum
126 3187 295 3252 Graeciam
313 3189 399 3252 bello
419 3209 658 3272 oppressurum,
680 3188 807 3274 magnis
831 3189 1018 3253 muneribus

47 3275 59 3336 b
80 3276 259 3339 Artaxerxe
282 3276 420 3340 donatus
443 3277 478 3340 11
498 3276 612 3340 Asiam
635 3275 732 3339 rediit
755 3275 1018 3358 domiciliumque

47 3358 200 3448 lagnesiac
223 3364 287 3428 sibi
306 3363 486 3428 constituit.
520 3385 660 3446 namque
678 3363 762 3428 hanc
780 3364 894 3427 urbem
913 3363 942 3426 ei
961 3384 1018 3426 rex
1037 3379 1052 3427 3

47 3454 159 3535 marat,
180 3451 233 3516 his
256 3451 385 3534 quidem
407 3451 529 3534 verbis,
552 3473 633 3534 quae
657 3451 687 3514 ei
708 3472 824 3534 panem
848 3450 1018 3532 praeberet

47 3558 68 3600 *x
90 3559 155 3621 qua
177 3538 307 3624 regione
331 3538 558 3624 quinquagena
585 3539 710 3603 talenta
736 3537 909 3621 quotannis
937 3538 1018 3602 redi·
