2324 4020
340 237 437 294 XVIII.
456 238 637 293 EUMENES.
666 246 744 294 6-8.
1003 239 1045 302 75

10 396 14 413 ⁹
64 386 190 462 parerent
220 383 353 466 eiusque
384 383 527 448 consiliis
554 386 732 448 uterentur.
772 383 824 447 his
855 383 951 447 rebus
983 382 1081 447 nae

63 489 150 535 menes
171 474 339 554 permotus
362 470 465 534 satius
487 470 596 554 duxit,
627 471 656 534 si
678 471 726 534 ita
748 471 880 535 tulisset
906 470 1046 553 fortuna,

60 557 145 656 perire
162 559 244 623 bene
263 557 389 622 meritis
406 557 599 622 referentem
613 559 754 644 gratiam
769 580 866 642 quam
880 559 1046 642 ingratum

60 665 157 709 urere.

128 732 242 816 Itaque
270 733 381 816 copias
410 734 586 817 contraxit,
618 733 741 798 bellum
773 734 925 798 adversus
953 732 1083 797 Anti-7

59 839 162 902 genum
185 821 395 903 comparavit.
436 821 523 904 quod
544 842 609 886 una
632 825 724 886 erant
746 821 938 886 Macedones
961 842 1046 885 com·

57 906 150 988 plures
176 908 317 990 nobiles,
343 908 447 973 ineis
470 907 656 992 Peucestes,
684 910 739 992 qui
767 910 912 993 corporis
935 913 1046 973 custos

57 993 146 1060 firerat
167 994 357 1080 Alexandri,
386 999 457 1060 tum
481 1001 590 1061 autem
613 997 784 1061 obtinebat
806 995 985 1080 Persidem,
1012 1000 1046 1061 et

57 1081 230 1168 Antigenes,
253 1083 344 1149 cuius
358 1084 419 1148 sub
435 1083 571 1166 imperio
586 1084 727 1168 phalanx
741 1089 810 1149 erat
824 1084 1046 1167 Macedonum,

56 1168 194 1235 invidiam
216 1193 330 1236 verens
350 1168 462 1257 (quam
485 1176 595 1237 tamen
617 1172 758 1256 effugere
776 1194 843 1236 non
860 1169 993 1256 potuit),
1017 1172 1045 1236 si

55 1259 151 1339 potius
173 1258 243 1343 ipse
267 1259 448 1344 alienigena
471 1261 589 1324 summi
612 1260 741 1343 imperii
761 1260 924 1344 potiretur
947 1280 1045 1341 quam

57 1344 160 1428 aliquis
187 1345 408 1430 Macedonum,
440 1355 586 1430 quorum
608 1348 656 1411 ibi
687 1351 759 1412 erat
790 1347 979 1429 multitudo,
1010 1347 1080 1410 ina

56 1433 209 1517 principiis
232 1432 408 1498 Alexandri
434 1436 565 1499 nomine
595 1436 839 1500 tabernaculum
867 1435 985 1499 statuit
1011 1434 1047 1498 in

57 1541 143 1604 eoque
167 1521 280 1586 sellam
303 1544 433 1588 auream
457 1544 530 1587 cum
549 1527 677 1607 sceptro
697 1545 733 1587 ao
752 1523 932 1587 diademate
950 1522 1047 1586 iussit

58 1609 121 1688 poni
142 1630 245 1693 eoque
268 1631 379 1674 omnes
403 1610 537 1675 cottidie
561 1611 744 1696 convenire,
771 1616 808 1675 ut
830 1611 877 1676 ibi
900 1610 939 1674 de
962 1632 1046 1674 sum·

58 1695 105 1760 mis
127 1698 223 1762 rebus
247 1698 383 1763 consilia
406 1702 610 1782 caperentur,
637 1700 768 1763 credens
796 1699 920 1763 minore
943 1720 978 1762 se
1000 1698 1047 1761 in-

57 1781 128 1848 vidia
153 1785 237 1869 fore,
267 1787 296 1849 si
323 1785 428 1870 specie
455 1787 584 1870 imperii
611 1787 815 1870 nominisque
839 1786 1045 1851 simulatione

59 1868 218 1937 Alexandri
236 1873 358 1938 bellum
376 1874 538 1938 videretur
557 1874 791 1939 administrare.
826 1874 912 1956 quod
930 1873 1045 1938 effecit.

58 1973 118 2023 num
135 1981 208 2025 cum
226 1982 292 2026 non
311 1961 351 2025 ad
365 1961 520 2026 Eumenis
539 1963 707 2046 principia,
730 1962 787 2027 sed
805 1961 845 2025 ad
864 1961 954 2046 regia
973 1982 1045 2024 con·
1064 1977 1080 2025 3

59 2047 205 2113 veniretur
231 2053 329 2133 atque
357 2049 404 2113 ibi
431 2050 470 2113 de
499 2050 596 2114 rebus
628 2050 873 2132 deliberaretur,
905 2049 1045 2131 quodam

10 2203 11 2207 η
59 2134 137 2200 nodo
160 2135 299 2221 latebat,
329 2158 403 2201 cum
425 2141 536 2202 tamen
557 2159 615 2222 per
638 2160 712 2202 eum
734 2159 833 2202 unum
857 2139 1046 2221 gererentur

60 2238 158 2288 omma.

129 2311 192 2376 Hic
219 2312 253 2376 in
279 2311 464 2377 Paraetacis
493 2335 567 2377 eum
593 2313 761 2398 Antigono
790 2313 948 2396 conflixit,
979 2313 1084 2376 non8

58 2396 113 2463 acie
133 2400 302 2484 instructa,
325 2401 382 2465 sed
404 2401 439 2464 in
460 2401 586 2486 itinere,
609 2422 745 2485 eumque
769 2401 853 2465 male
876 2403 1045 2482 acceptum

13 2552 16 2557 .
56 2479 83 2546 in
101 2484 239 2552 Mediam
261 2488 441 2553 hiematum
464 2489 573 2574 coegit
600 2490 712 2555 redire.
757 2489 827 2572 ipse
849 2489 884 2551 in
906 2487 1046 2550 fim‘tima

57 2573 175 2658 regione
197 2574 339 2640 Persidis
361 2576 541 2641 hiematum
564 2577 673 2661 copias
697 2577 823 2660 divisit,
844 2596 911 2639 non
932 2577 971 2638 ut
992 2596 1046 2638 vo-

12 2676 15 2683 ·
54 2653 117 2744 luit,
146 2663 202 2728 sed
228 2667 266 2727 ut
292 2664 435 2728 militum
463 2665 601 2749 cogebat
623 2664 783 2729 voluntas.
827 2684 965 2746 namque
988 2661 1080 2725 illaa

10 2749 12 2756 ‘
53 2745 182 2827 phalanx
199 2749 376 2815 Alexandri
398 2751 521 2837 Magni,
544 2774 626 2836 quae
645 2753 759 2817 Asiam
781 2754 974 2837 peragrarat
995 2750 1047 2814 de·

10 2835 12 2843 '
53 2834 226 2922 ticeratque
248 2837 378 2923 Persas,
407 2840 588 2906 inveterata
615 2862 688 2905 cum
716 2839 822 2926 gloria
849 2843 920 2902 tum
947 2838 1047 2903 etiam

51 2919 186 3009 licentia,
212 2948 278 2991 non
300 2948 413 3011 parere
436 2949 470 2992 se
494 2929 643 3012 ducibus,
671 2928 727 2992 sed
753 2928 913 3011 imperare
936 2931 1047 3009 postu-

49 3009 144 3096 labat,
172 3017 209 3077 ut
235 3036 321 3079 nunc
348 3015 492 3080 veterani
519 3016 644 3080 faciunt
671 3015 786 3080 nostri.
831 3015 942 3097 itaque
965 3013 1048 3098 peri-

47 3101 150 3166 culum
177 3106 229 3167 est
254 3123 296 3167 ne
323 3102 445 3167 faciant
475 3104 562 3186 quod
588 3104 638 3168 illi
660 3102 820 3186 fecenmt,
848 3123 907 3166 sua
933 3101 1048 3164 intem-

43 3189 189 3272 perantia
219 3189 384 3274 nimiaque
416 3191 549 3255 licentia
577 3195 615 3255 ut
643 3191 751 3255 omnia
779 3189 916 3274 perdant
942 3209 1047 3270 neque

42 3277 149 3341 minus
174 3298 238 3361 eos,
262 3299 335 3341 cum
359 3278 476 3361 quibus
499 3278 644 3361 fecerint,
668 3299 765 3361 quam
788 3277 940 3342 adversus
965 3295 1046 3356 quos

40 3365 204 3430 steterint.
237 3365 352 3448 quodsi
371 3365 443 3449 quis
462 3365 594 3430 illorum
606 3368 833 3430 veteranorum
847 3364 937 3446 legat
950 3361 1047 3444 facta,
1066 3375 1083 3423 e

34 3452 131 3538 paria
152 3451 271 3517 horum
294 3457 471 3538 cognoscat
492 3474 597 3535 neque
619 3474 689 3516 rem
711 3452 813 3515 ullam
835 3449 899 3513 nisi
917 3452 1046 3531 tempus

32 3542 197 3606 interesse
219 3538 349 3604 iudicet.
395 3539 451 3603 sed
474 3540 515 3604 ad
537 3539 612 3603 illos
635 3542 786 3604 revertar.
809 3537 946 3600 hiberna
964 3557 1049 3599 sum·
