2324 4020
245 214 304 272 xv.
324 215 595 273 araurnonnas.
624 222 649 272 a.
669 224 693 272 a.
935 219 978 284 59

61 369 154 423 csse
176 360 304 424 debent.
339 381 438 443 quare
462 360 490 424 si
512 361 675 445 principes
701 360 855 428 Graeciae
878 365 979 428 vultis

76 447 187 512 castris
211 451 262 512 est
284 448 377 512 vobis
401 447 566 534 utendum,
588 470 655 514 non
672 450 857 533 palaestra?
892 451 1014 517 idemc

61 519 240 601 Meneclides
264 557 337 600 oum
360 535 437 602 huic
467 537 623 621 obiceret,
655 538 741 621 quod
768 539 890 604 liberos
912 561 980 605 non

61 623 107 684 ret
126 645 229 707 neque
256 646 391 689 uxorem
418 624 577 709 duxisset,
608 626 811 713 maximeque
841 627 979 692 insolen-

61 758 68 791 ‚
88 711 167 793 quod
190 712 254 776 sibi
272 711 528 798 Agamemnonis
551 713 631 778 belli
654 714 793 800 gloriam
816 715 980 780 videretur

61 803 174 864 acutus:
198 800 301 864 atille
316 799 458 883 ‘desine'
477 801 584 884 inquit
599 800 801 888 ‘Meneclida
823 804 861 867 de
879 825 979 868 uxorc

81 889 286 972 exprobrare:
321 910 399 953 nam
425 889 548 953 nullius
576 890 611 953 in
637 890 703 954 ista
730 913 764 956 re
795 892 902 956 minus
929 892 980 956 uti

61 975 106 1040 lio
128 975 224 1040 volo?
262 975 419 1062 (habebat
438 977 525 1041 enim
542 976 738 1043 Meneclides
762 979 980 1063 suspicionem

63 1062 143 1149 erii.)
185 1063 284 1148 ‘quod
307 1069 416 1129 autem
439 1087 491 1130 me
513 1065 793 1151 Agamemnonem
824 1066 1014 1132 aemularis

61 1176 74 1235 r,
97 1151 230 1218 falleris.
263 1173 402 1236 namque
426 1153 481 1217 ille
505 1175 579 1218 cum
601 1154 752 1219 universa
771 1153 908 1220 Graecia
925 1155 980 1219 vix

61 1263 78 1304 n
107 1241 200 1305 annis
228 1262 326 1305 unam
355 1241 442 1325 cepit
468 1243 596 1325 urbem,
624 1262 684 1327 ego
714 1248 828 1307 contra
855 1264 893 1307 ea
915 1264 980 1307 una

60 1333 176 1393 nostra
193 1329 307 1412 dieque
325 1350 390 1394 uno
410 1333 515 1394 totam
530 1327 700 1394 Graeciam
714 1328 978 1396 Lacedaemoniis

60 1417 89 1481 is
113 1416 270 1482 liberavi?

61 1505 148 1570 [dem
176 1527 250 1570 cum
277 1505 313 1568 in
339 1509 534 1570 conventum
557 1506 701 1570 venisset
723 1505 901 1589 Arcadum,
928 1507 1019 1589 pe·6

62 1598 102 1658 ut
126 1594 317 1658 societatem
340 1614 413 1658 cum
432 1593 595 1657 Thebanis
618 1597 652 1658 et
670 1593 804 1679 Argivis
826 1594 980 1678 facerent,

63 1703 146 1765 aque
165 1679 383 1765 Callistratus,
406 1680 657 1746 Atheniensium
681 1682 819 1767 legatus,
843 1683 899 1766 qui
917 1682 981 1747 elo·

61 1770 103 1834 iia
126 1790 237 1834 omnes
261 1791 299 1834 eo
326 1769 516 1853 praestabat
543 1773 704 1854 tempore,
732 1771 916 1854 postularet
942 1773 981 1833 ut

63 1881 78 1922 s
99 1858 277 1922 amicitiam
292 1860 503 1941 sequerentur
516 1855 714 1941 Atticorum,
737 1858 819 1923 etin
833 1858 980 1922 oratione

61 1946 160 2010 multa
187 1946 333 2010 invectus
357 1950 444 2010 esset
471 1945 506 2009 in
528 1945 700 2010 Thebanos
724 1949 757 2009 et
780 1945 922 2031 Argivos
945 1945 981 2008 in

62 2056 79 2098 e
108 2033 170 2098 hoo
197 2033 375 2117 posuisset,
407 2035 551 2098 animum
579 2034 746 2098 advertere
776 2033 892 2097 debere
919 2031 1014 2097 Ara

61 2146 73 2205 r,
98 2122 209 2205 quales
227 2125 365 2204 utraque
384 2121 500 2186 civitas
516 2121 602 2187 cives
621 2124 833 2206 procreasset,
857 2143 896 2185 ex
911 2121 979 2205 qui·

61 2210 93 2274 ie
117 2210 232 2274 ceteris
254 2214 390 2293 possent
412 2210 567 2275 iudicare:
603 2208 745 2294 Argivos
769 2208 855 2274 enim
877 2207 978 2274 fuisse

61 2319 122 2362 aem
150 2302 184 2362 et
205 2296 417 2363 Alcmeonem
444 2297 644 2381 matricidas,
673 2297 795 2362 Thebis
819 2296 979 2381 Oedipum

61 2408 93 2469 n,
116 2386 180 2469 qui,
203 2408 277 2451 curn
298 2390 427 2469 patrem
451 2408 545 2451 suum
568 2384 794 2470 interfecisset,
817 2406 856 2450 ex
875 2389 979 2455 matre

61 2496 91 2539 rs
110 2477 326 2558 procreasset:
344 2474 420 2538 huic
438 2474 474 2538 in
491 2474 714 2558 respondendo
728 2472 980 2557 Epaminondas,
999 2489 1015 2537 3

68 2562 108 2626 de
131 2563 247 2626 ceteris
270 2567 468 2647 perorasset,
497 2567 673 2646 postquam
695 2561 736 2626 ad
758 2562 817 2625 illa
839 2560 901 2625 duo
925 2581 980 2644 op·

61 2651 103 2714 ria
124 2650 280 2734 pervenit,
303 2650 456 2714 admirari
479 2672 513 2714 se
537 2649 620 2714 dixit
642 2649 820 2714 stultitiam
838 2647 979 2713 rhetoris

61 2739 85 2820 i,
109 2738 253 2821 quinon
276 2738 763 2822 animadverteritfinnocentes
786 2737 861 2802 illos
884 2741 980 2801 natos

65 2877 74 2908 ,
99 2825 218 2890 scelere
241 2826 383 2890 admisso
407 2847 481 2890 cum
503 2826 612 2910 patria
635 2829 744 2890 essent
766 2825 906 2910 expulsi,
933 2847 981 2889 re-

61 2935 83 2977 =s
107 2934 177 2976 esse
200 2914 241 2977 ab
265 2912 529 2977 Atheniensibus.
576 2913 631 2978 sed
662 2914 803 2978 maximo
824 2913 893 2978 eius
917 2913 1016 2977 elo-4

61 3001 104 3065 tia
122 2999 225 3064 eluxit
241 2998 377 3084 Spartae
396 3000 499 3085 legati
518 3004 594 3065 ante
609 3020 753 3086 pugnam
767 3000 980 3066 Leuctricam.

61 3111 133 3154 cum
152 3088 297 3152 omnium
312 3089 475 3154 sociorum
489 3089 715 3153 convenissent
737 3089 848 3174 legati,
871 3110 980 3154 eoram

61 3177 235 3242 ‚entissimo
261 3177 490 3261 [legationum]
516 3180 676 3242 conventu
699 3177 746 3242 sic
769 3176 980 3243 Lacedaemo-

61 3287 99 3329 m
127 3263 331 3348 tyrannidem
359 3265 523 3350 coarguit,
552 3269 679 3329 utnon
701 3265 808 3330 minus
831 3265 889 3329 illa
911 3285 979 3327 ora-

84 3374 161 3436 opes
186 3374 298 3416 eorum
322 3352 524 3418 concusserit
547 3374 645 3436 quam
668 3351 839 3418 Leuctrica
861 3372 978 3436 pugna.

72 3442 160 3506 enim
191 3440 341 3524 perfecit,
374 3442 460 3524 quod
489 3445 566 3525 post
595 3441 759 3525 apparuit,
790 3444 828 3503 ut
857 3438 977 3503 auxilio

61 3528 244 3609 daemonii]
269 3528 431 3593 sociorum
454 3530 668 3613 privarentur.
