2324 4020
179 217 220 281 16
493 218 540 274 IV.
559 217 771 275 PAUSANIAS.
800 225 824 273 1.
843 223 869 275 2.

179 367 326 446 satrapes
344 363 462 448 regius,
484 363 617 427 natione
635 355 867 448 Medus,'regis
886 381 998 447 gener,
1019 361 1054 426 in
1072 383 1094 446 p
1129 395 1139 415 ι

180 451 324 515 omnium
347 450 520 514 Persarum
547 454 581 514 et
607 472 706 514 manu
731 449 828 514 fortis
851 453 886 513 et
908 448 1039 514 consilii
1064 449 1135 533 plu

180 561 253 604 oum
276 539 422 604 ducentis
446 538 578 603 milibus
605 537 766 622 peditum,
793 558 874 621 quos
901 537 1029 602 viritim
1055 537 1136 615 lagu

180 631 214 691 et
239 626 358 710 viginti
385 627 531 710 equitum
563 626 650 691 haud
681 627 729 690 ita
760 645 879 710 magna
905 647 1007 690 manu
1034 623 1064 688 G
1088 654 1132 681 22»

145 715 312 799 tingatus
336 718 396 797 est,
419 736 521 796 eoque
545 715 615 798 ipse
637 714 702 777 dux
725 713 841 779 cecidit
862 713 998 797 proelio.
1040 734 1105 796 qua
1138 710 1146 725 '

181 804 267 866 toria
295 802 400 866 elatus
432 802 574 903 plurima
605 801 741 866 miscere
768 800 876 885 coepit
901 805 937 865 et
962 801 1126 866 maiora
1120 830 1137 855 ι

181 890 353 973 eupisoere
400 889 455 953 sed
481 891 624 973 primum
651 889 686 953 in
709 910 747 953 eo
770 892 821 954 est
847 888 1077 972 reprehensus,
1102 909 1131 972 q

181 999 220 1041 ex
250 977 370 1060 praeda
401 977 563 1061 tripodem
596 999 728 1042 aureum
758 975 895 1060 Delphis
927 977 1130 1060 posuisset

182 1069 363 1148 grammate
386 1065 558 1149 inscripto,
584 1066 618 1128 in
642 1087 706 1148 quo
728 1065 808 1130 haee
831 1068 902 1128 erat
923 1065 1102 1129 sententia:

182 1153 281 1217 ductu
312 1152 468 1217 barbaros
501 1153 586 1236 apud
618 1152 769 1218 Plataeas
799 1173 869 1217 esse
899 1151 1027 1217 deletos
1052 1152 1119 1218 ei
1131 1183 1141 1207 ιι

147 1241 248 1305 svict
250 1241 337 1305 oriae
361 1262 438 1326 ergo
457 1241 604 1324 Apollini
626 1242 661 1305 id
681 1241 802 1306 donum
824 1239 957 1304 dedisse.
991 1240 1109 1305 hosv·
1077 1263 1138 1305 ιι.

182 1328 429 1394 Lacedaemonii
461 1329 707 1411 exsculpsenmt
736 1350 840 1411 neque
871 1327 959 1392 aliud
989 1329 1138 1412 scripse

183 1439 281 1500 quam
298 1416 430 1480 nomina
449 1438 560 1479 carum
578 1417 757 1501 civitatum,
776 1437 912 1499 quarum
930 1416 1053 1480 auxilio
1072 1415 1118 1480 Pe
1132 1439 1140 1469 τ

184 1508 277 1567 erant
299 1503 386 1568 victi.

149 1592 169 1655 2
271 1590 352 1654 Post
374 1591 407 1654 id
430 1591 590 1675 proelium
613 1592 748 1655 eundem
768 1591 964 1656 Pausaniam
987 1613 1064 1657 eum
1088 1615 1143 1657 c=1

184 1679 348 1744 communi
378 1677 521 1762 Cyprum
548 1683 646 1762 atquc
673 1679 923 1763 Hellespontum
950 1680 1125 1764 miserrmt,

150 1782 165 1828 a
185 1789 223 1830 ex
236 1767 277 1830 iis
291 1766 478 1852 regionibus
497 1767 712 1831 barbarorum
729 1767 891 1851 praesidia
905 1767 1094 1850 depelleret.
1128 1798 1132 1823 ι

182 1855 341 1919 felicitate
368 1855 403 1919 in
429 1876 468 1919 ea
494 1877 528 1919 re
555 1877 633 1920 usus
663 1856 779 1919 elatius
803 1877 837 1919 se
859 1875 971 1940 gerere
994 1857 1105 1940 coepit
1133 1886 1144 1910 ι

183 1944 331 2026 ioresque
355 1947 506 2026 appetere
529 1965 589 2008 res.
627 1965 702 2007 nam
725 1965 799 2007 cum
820 1941 980 2026 Byzantio
1004 1965 1125 2027 expu

131 2108 133 2113 Ι
184 2031 324 2115 cepisset
342 2032 523 2114 complures
542 2031 715 2095 Persarum
732 2030 858 2094 nobiles
877 2034 976 2113 atque
993 2031 1031 2096 in
1049 2031 1096 2096 eis
1112 2053 1143 2096 ιιι

184 2119 291 2182 nullos
314 2119 400 2203 regis
423 2120 638 2202 propinquos,
664 2118 725 2182 hos
749 2119 833 2182 elam
856 2116 955 2182 Xerxi
978 2119 1121 2202 remisit,

185 2205 312 2268 mulans
336 2227 374 2268 ex
396 2206 511 2270 vinclis
534 2206 673 2290 publicis
697 2205 863 2291 effugisse,
886 2210 1018 2271 etcum
1041 2207 1082 2272 iis
1105 2204 1143 2271 G·

184 2292 555 2464 tttmfttltttt
557 2293 1033 2463 qtlttttttttttt
1023 2293 1150 2467 tlt

150 2485 166 2531 s
185 2468 389 2561 Pausanias,
412 2469 475 2532 dux
499 2468 644 2553 Spartae,
668 2490 749 2552 quos
766 2468 917 2552 Byzantii
940 2474 1136 2613 ceperat:

186 2578 283 2640 quam
315 2557 514 2641 propinquos
547 2562 621 2623 tuos
652 2557 818 2657 cognovit,
790 2556 912 2621 ttibi
942 2558 1114 2622 muneri
1133 2557 1139 2570 '

185 2665 283 2727 seque
306 2651 414 2710 tecum
437 2643 597 2709 affinitate
620 2645 772 2730 coniungi
796 2608 898 2728 ‹iupitt
935 2666 1049 2729 quare,
1076 2646 1106 2710 si
1134 2675 1142 2694 ι

150 2731 322 2814 evidetur,
345 2732 400 2796 des
423 2733 453 2796 ei
475 2733 577 2796 filiam
600 2737 691 2797 tuam
712 2736 859 2815 nuptum.
901 2732 984 2796 id
958 2754 987 2797 si
1008 2733 1134 2816 feceris,

186 2816 339 2900 Spartam
366 2823 399 2882 et
427 2824 567 2884 ceteram
591 2818 760 2884 Graeciam
788 2821 847 2885 sub
875 2824 966 2885 tuam
990 2825 1144 2904 potesta

186 2926 220 2968 se
248 2906 419 2969 adiuvante
447 2909 701 2973 teredacturum
728 2908 910 2990 pollicetur.
954 2908 1007 2972 his
1030 2909 1070 2974 de
1092 2930 1139 2973 re

186 2992 214 3054 si
233 2993 311 3074 quid
325 3015 419 3078 agere
433 2995 583 3078 volueris,
602 2999 728 3060 certum
745 2994 909 3060 hominem
924 2997 963 3060 ad
983 3018 1057 3062 eum
1075 2997 1137 3062 mi
1143 3029 1147 3037 ·

150 3078 264 3162 oface,
287 3102 361 3144 cum
384 3102 448 3163 quo
472 3047 698 3166 colloquatur?
740 3104 796 3146 rex
819 3087 871 3148 tot
893 3084 1062 3150 hominum
1085 3085 1149 3150 sial÷

185 3169 254 3230 tam
286 3168 349 3231 sibi
385 3171 640 3234 necessariorum
672 3191 791 3254 magno
824 3193 920 3255 opere
954 3172 1085 3256 gavisus
1118 3195 1150 3238 cr

184 3253 296 3319 festim
319 3277 392 3319 cum
415 3257 640 3339 epistulat
577 3259 640 3322 Art
642 3258 777 3322 abarum
801 3259 841 3323 ad
859 3258 1054 3325 Pausaniam
1077 3261 1149 3326 mi·

184 3343 218 3407 in
242 3365 306 3427 qua
329 3364 402 3407 eum
426 3344 589 3410 collaudat
615 3365 652 3410 oc
677 3346 776 3429 petit,
802 3367 842 3410 ne
870 3347 920 3411 cui
944 3348 990 3411 rei
1013 3353 1128 3430 parcat

185 3451 223 3492 ea
246 3431 427 3515 efficienda,
450 3454 531 3515 quae
553 3433 776 3516 polliceretur:
812 3435 840 3497 si
862 3433 1048 3519 perfecerit,
1070 3457 1115 3501 nn

150 3533 166 3581 o
185 3518 231 3580 rei
251 3540 270 3582 a
289 3540 322 3582 se
341 3519 502 3604 repulsam
521 3520 673 3585 laturum.
709 3521 806 3586 huius
825 3520 1003 3586 Pausanias
1022 3524 1122 3590 volun
1142 3554 1144 3575 1
