2324 4020
116 234 137 298 2
440 229 651 285 PRAEFATIO.
676 237 690 296 ἓ
710 237 787 286 6-8.

115 377 337 442 Rornanorum
359 376 460 458 pudet
481 396 615 439 uxorem
638 375 753 439 ducere
776 375 811 438 in
829 374 1033 440 convivium?

116 466 206 537 cuius
229 486 295 529 non
313 467 418 526 mater
438 461 580 526 familias
598 463 740 546 primum
758 463 867 527 locum
886 467 976 528 tenet
995 485 1032 527 ae

82 556 214 637 ratque
236 552 272 615 in
295 550 482 615 celebritate
505 551 691 615 versatur?¹
712 550 799 633 quod
826 551 930 615 multo
960 551 999 615 fit
1028 575 1033 615 1

115 642 151 705 in
174 639 317 704 Graecia.
352 660 430 701 nam
455 659 559 720 neque
586 639 621 701 in
649 638 832 702 convivium
860 639 1032 702 adhibetur

115 727 388 812 propinquorum,
423 747 527 807 neque
560 726 650 789 sedet
680 726 745 788 nisi
776 727 811 790 in
842 727 996 796 interiore
1030 751 1033 810 j

117 816 256 898 aedium,
285 834 365 897 quae
393 813 616 899 gynaeconitis
644 814 841 898 appellatur,
869 836 1031 896 quonam

81 903 203 970 scedit
229 902 293 966 nisi
320 901 503 984 propinqua
530 901 723 986 cognatione
750 902 950 966 coniunctus.
988 904 1033 966 sei

116 990 211 1074 plura
227 989 379 1073 persequi
392 1011 466 1054 cum
480 988 670 1073 magnitudo
685 989 859 1054 voluminis
873 990 1033 1075 prohihet,

116 1077 298 1161 festinatio,
316 1079 363 1141 'ut
385 1098 424 1141 ea
446 1077 616 1161 explicem,
646 1097 727 1160 quae
751 1098 883 1142 exorsus
907 1099 987 1151 sum.
1027 1101 1033 1141 ι

117 1166 157 1230 ad
183 1165 389 1249 propositum
416 1165 581 1230 veniemus
605 1169 638 1229 et
665 1165 699 1229 in
725 1165 787 1230 hoc
815 1179 1010 1248 exponemus

117 1253 155 1317 de
179 1254 248 1318 vita
270 1253 496 1318 excellentium
518 1253 762 1335 imperatorum.

458 1551 486 1624 Ι.
513 1551 785 1625 MILTIADES.

81 1696 96 1758 l
167 1764 169 1768 ¹
206 1689 381 1773 Miltiades,
400 1686 546 1754 Cimonis
568 1689 664 1773 filius,
683 1688 903 1776 Atheniensis,
928 1713 1001 1756 cum
1021 1715 1033 1756 e

117 1778 271 1862 tiquitate
299 1776 426 1864 generis
451 1780 484 1841 et
511 1777 618 1862 gloria
644 1778 803 1842 maiorum
827 1783 861 1842 et
884 1801 942 1865 sua
965 1781 1033 1844 moc'

117 1889 201 1931 unus
225 1867 370 1931 omnium
392 1866 532 1930 maxime
555 1865 686 1931 floreret
709 1888 809 1950 eaque
833 1872 919 1931 esset
943 1872 1033 1931 aetat

116 1976 183 2021 non
209 1955 275 2019 iam
303 1955 409 2019 solum
436 1954 475 2018 de
499 1975 536 2018 eo
564 1954 646 2018 bene
674 1975 817 2038 sperare,
846 1954 902 2018 sed
930 1956 1030 2020 etiam

116 2043 216 2107 fidere
239 2043 324 2108 civ‘es
347 2046 481 2125 possent
504 2041 570 2126 sui,
594 2042 694 2106 talem
717 2064 791 2106 eum
812 2042 973 2128 futurum,
997 2067 1033 2127 qt

118 2131 287 2214 cognitum
313 2130 510 2211 iudicanmt,
538 2130 655 2210 accidit
682 2134 719 2193 ut
740 2130 962 2195 'Athenienses
991 2131 1033 2196 Ol

83 2235 232 2283 anesum
264 2217 395 2282 colonos
427 2216 548 2281 vellent
579 2217 718 2280 mittere.
769 2219 859 2282 cuius
891 2220 1019 2304 generis

28 2313 31 2318 '
118 2325 255 2390 magnus
286 2325 440 2368 numerus
469 2307 556 2366 esset
583 2307 617 2367 et
648 2304 744 2367 multi
776 2307 845 2370 eius
878 2308 1033 2392 demigrat

117 2396 266 2477 peterent
293 2390 496 2476 societatem,
525 2412 564 2455 ex
590 2391 631 2454 iis
660 2392 776 2456 delecti
798 2392 944 2478 Delphos
973 2396 1033 2459 deli

88 2426 189 2566 ltum
211 2480 304 2545 missi
327 2482 404 2544 sunt
429 2479 498 2562 [qui
521 2479 726 2543 consulerent
748 2479 959 2566 Apollinem],
983 2506 1033 2566 qu«

118 2565 283 2633 tissimum
307 2568 387 2632 duce
414 2570 591 2630 uterentur.
626 2589 765 2651 namque
794 2573 864 2632 tum
887 2570 1033 2636 Thraece

103 2656 267 2775 ,regiones
287 2655 451 2738 tenebant,
470 2676 544 2719 cum
563 2655 679 2739 quibus
696 2657 795 2720 armis
810 2662 880 2721 erat
899 2658 1033 2722 dimicari

83 2742 845 2913 lllllstttlttltltfflltffitddlt
863 2747 1033 2898 etth}

84 2919 248 3003 eincepta
279 2939 436 3006 prospera
466 2918 584 2983 futura.
630 2921 692 2985 hoc
720 2921 842 2985 oraculi
871 2943 1026 3005 responso

119 3006 223 3071 tiades
243 3028 317 3071 cum
335 3003 460 3071 delecta
478 2999 576 3071 manu
590 3009 692 3076 classe
707 3006 944 3074 Chersonesum
960 3011 1033 3094 proi

120 3116 193 3159 eum
216 3093 406 3159 accessisset
429 3093 588 3159 Lemnum
615 3101 648 3160 et
674 3097 797 3161 incolas
825 3098 894 3161 eius
917 3098 1033 3162 insula(

119 3185 318 3267 potestatem
354 3182 499 3268 redigere
531 3184 630 3248 vellet
661 3184 924 3269 Atheniensium,
960 3186 1033 3269 idqu

86 3285 100 3334 5
119 3269 247 3334 Lemnii
270 3291 328 3334 sua
351 3275 467 3354 sponte
490 3271 634 3336 facerent
656 3272 865 3358 postulasset,
887 3273 937 3336 illi
955 3274 1033 3338 irrid

120 3358 355 3442 responderunt
386 3362 457 3423 tum
490 3360 523 3423 id
556 3381 590 3424 se
626 3359 791 3443 facturos,
831 3383 904 3426 cum
939 3361 996 3425 illo
1031 3397 1033 3417 ι

87 3439 92 3473 ”
118 3447 257 3511 navibus
288 3446 454 3530 profectus
481 3452 578 3512 vento
610 3449 760 3532 aquilone
790 3449 932 3514 venisset
960 3448 1033 3514 Lem

119 3534 173 3599 hic
196 3535 284 3599 enim
306 3538 423 3600 ventus
446 3536 487 3600 ab
511 3533 798 3620 septemtrionibus
823 3536 930 3601 oriens
958 3539 1033 3604 adve
