2324 4020
136 228 179 291 46
480 226 540 282 XII.
561 225 748 281 CHABRIAS.
775 232 800 282 A.

138 372 333 438 auctoritate
357 373 512 455 anteibat,
536 393 674 454 eumque
697 370 802 456 magis
826 371 948 434 milites
973 392 1073 454 quam
1090 370 1136 455 qui

103 466 308 544 rpraeerant
337 461 565 545 suspiciebant.
616 481 697 543 quae
724 481 776 524 res
804 459 834 523 ei
862 460 1042 524 maturavit
1064 481 1136 524 mor·

137 553 212 613 tem.
251 572 327 613 nam
350 550 427 614 dum
449 549 573 632 primus
597 549 707 612 studet
729 552 861 631 portum
884 548 1009 613 intrare
1032 547 1134 634 guber

135 644 348 721 natoremque
375 638 468 701 iubet
491 659 528 702 eo
556 637 701 722 derigere
727 657 857 721 navem,
886 637 956 720 ipse
985 636 1050 701 sibi
1075 657 1133 721 per

136 726 232 791 nicici
250 726 327 790 fuit:
351 747 424 790 cum
444 726 529 790 enim
548 748 585 791 eo
604 729 816 809 penetrasset,
840 729 966 790 ceterae
984 746 1051 791 non
1069 727 1132 790 suut

137 819 275 880 secutae.
308 836 371 898 quo
390 814 478 879 facto
499 814 711 879 circumfusus
729 811 875 878 hostium
894 835 1054 878 concursu
1071 834 1130 879 cun
1157 809 1162 928 Ι

136 902 315 966 fortissime
329 907 498 988 pugnaret,
512 904 603 967 navis
618 905 725 967 rostro
740 923 894 985 percussa
908 902 1017 986 coepit
1031 902 1129 967 sidera

102 990 211 1056 chine
239 990 386 1076 refugere
415 1014 488 1056 cum
515 995 639 1074 posset,
668 991 696 1055 si
725 1011 758 1054 se
785 990 821 1054 in
848 1011 936 1055 mare
964 991 1129 1073 deiecisset,

137 1079 222 1162 quod
254 1081 386 1144 suberat
418 1081 531 1145 classis
564 1079 829 1162 Atheniensium,
866 1100 948 1162 quae
981 1078 1128 1164 exciperet
1159 1077 1162 1103 '¹

135 1172 301 1253 natantes,
329 1168 434 1251 perire
463 1169 579 1232 maluit
606 1189 704 1251 quam
732 1163 832 1231 armis
861 1167 998 1232 abiectis
1026 1187 1138 1232 navem

135 1256 326 1340 relinquere,
348 1257 384 1320 in
407 1265 470 1341 qua
493 1257 600 1322 firerat
623 1260 743 1321 vectus.
780 1255 813 1318 id
837 1256 936 1320 ceteri
958 1254 1066 1322 facere
1085 1275 1127 1320 no
1154 1250 1162 1340 'fl

135 1344 274 1429 luerunt,
294 1344 349 1428 qui
367 1345 473 1409 nando
488 1345 523 1409 in
536 1349 646 1409 tutum
659 1348 883 1428 pervenerunt.
920 1344 1035 1429 atille,
1052 1365 1127 1429 prae
1153 1342 1162 1426 ἓ

136 1437 223 1497 stare
245 1433 418 1497 honestam
440 1437 580 1497 mortem
603 1433 793 1497 existimans
816 1431 904 1515 turpi
928 1431 1030 1518 vitae,
1057 1453 1126 1500 oon·
1152 1429 1162 1513 1

135 1520 241 1585 minus
264 1540 413 1605 pugnans
436 1521 511 1585 telis
533 1521 679 1585 hostium
702 1519 892 1584 interfectus
915 1524 975 1585 est.
1157 1520 1162 1528 '

434 1824 543 1896 XIII.
560 1821 845 1895 TIMOTHEUS.

100 1962 117 2026 1
223 1961 426 2046 Timotheus,
458 1960 600 2027 Cononis
633 1960 737 2044 filius,
765 1959 984 2025 Atheniensis.
1037 1961 1124 2027 hice
1159 1963 1162 1967 ’

132 2055 226 2133 patre
249 2055 415 2134 acceptam
438 2050 577 2134 gloriam
600 2047 712 2112 niultis
736 2048 827 2112 auxit
854 2049 1047 2114 virtutibus:
1073 2046 1125 2114 luit

134 2139 220 2202 enim
243 2138 392 2221 disertus,
415 2137 567 2222 impiger,
589 2137 786 2219 laboriosus,
809 2137 856 2201 rei
879 2136 1034 2202 militaris
1055 2135 1126 2223 peri·

98 2241 113 2290 2
133 2229 186 2289 tus
209 2247 313 2308 neque
336 2226 443 2288 minus
463 2226 605 2289 civitatis
624 2225 791 2309 regendae.
823 2225 927 2289 multa
944 2225 1043 2290 huius
1062 2225 1126 2291 sunl
1155 2288 1158 2297 ,

132 2314 296 2397 praeclare
319 2312 415 2396 facta,
438 2313 494 2376 sed
515 2313 596 2377 haec
615 2313 753 2377 maxime
773 2313 922 2377 illustria
960 2311 1125 2398 Olynthia
1155 2374 1158 2384 ,

131 2405 165 2466 et
184 2402 361 2486 Byzantios
380 2402 466 2466 bello
486 2401 626 2486 subegit.
664 2398 796 2465 Samum
819 2402 918 2484 cepit:
941 2400 976 2465 in
1000 2423 1065 2485 quo
1085 2420 1126 2485 op

130 2493 202 2573 pido
226 2490 442 2576 oppugnando
466 2490 630 2573 superiore
653 2488 739 2553 bello
758 2488 975 2554 Athenienses
994 2490 1126 2556 milleet
1157 2510 1162 2521 ·

131 2581 269 2645 ducenta
287 2580 411 2644 talenta
430 2581 706 2661 consumpserant,
724 2576 757 2640 id
770 2576 826 2641 ille
841 2578 909 2642 sine
923 2577 991 2641 ulla
1005 2577 1126 2662 publica

131 2663 1015 2838 ttpttttttltttlttttttttdtttth
1033 2687 1129 2838 {aa
1157 2692 1162 2698 ’

95 2858 111 2907 3
131 2865 204 2907 cum
218 2842 356 2907 rettulit.
384 2840 535 2926 Cyzicum
551 2842 719 2906 obsidione
733 2840 892 2906 liberavit.
921 2828 1125 2907 Ariobamfi

130 2931 227 2994 simul
251 2952 325 2994 cum
338 2930 492 3016 Agesilao
516 2930 636 2994 auxilio
659 2929 824 3012 profectus
848 2933 911 3011 est,
934 2951 955 2992 a
973 2950 1039 3012 quo
1062 2946 1127 2996 οιιι

129 3018 215 3083 Laco
239 3018 410 3102 pecuniam
431 3022 636 3082 numeratam
660 3017 846 3101 accepisset,
868 3017 924 3081 ille
948 3017 1037 3083 cives
1058 3034 1126 3084 suot

130 3127 209 3192 agro
238 3110 335 3189 atque
362 3105 498 3171 urbibus
526 3106 639 3191 augeri
666 3105 782 3169 maluit
810 3127 907 3189 quam
936 3105 970 3169 id
999 3124 1123 3187 sumere,

129 3195 219 3261 cuius
243 3198 369 3277 partem
392 3195 524 3258 domum
547 3215 640 3258 suam
661 3195 785 3274 quisqcc
807 3192 891 3258 ferre
913 3199 1037 3276 posset
1074 3195 1124 3259 irs

129 3305 191 3366 que
215 3283 339 3365 accepit
362 3281 535 3347 Crithoten
558 3287 591 3346 et
615 3280 754 3346 Sestum.

94 3369 114 3434 2
216 3369 307 3434 Idem
337 3370 433 3434 classi
460 3369 642 3454 praefectus
671 3369 912 3433 circumvehens
935 3367 1123 3454 Peloponnc·

130 3480 216 3541 sum,
248 3457 429 3523 Laconicen
460 3459 653 3541 populatus,
685 3457 822 3521 classem
855 3478 967 3521 eorum
1000 3455 1123 3546 fugarit

129 3544 304 3628 Corcyram
327 3547 387 3610 sub
411 3545 583 3628 imperium
598 3544 848 3609 Atheniensium
870 3545 1000 3628 redegit
1019 3545 1123 3612 socios
