2324 4020
497 907 561 980 EX
587 907 727 981 LIBRO

302 1070 609 1157 CORNELII
654 1072 924 1160 uuporls

340 1239 401 1305 nn
424 1237 603 1304 mums
626 1238 885 1308 marcarum.

471 1489 597 1564 XXIV.
625 1489 757 1564 ΟΑΤΟ.

83 1629 97 1691 l
200 1625 245 1691 M.
263 1625 355 1712 (lato,
373 1631 464 1693 ortus
483 1629 658 1712 municipio
677 1629 826 1714 rusculo,
845 1630 1047 1694 adulescente

112 1715 301 1799 priusquam
327 1716 504 1781 honoribus
532 1738 664 1799 operam
690 1718 795 1801 daret,
827 1722 975 1783 versatus
1003 1721 1047 1782 cst

116 1802 253 1889 Sabinis,
276 1806 362 1888 quod
384 1806 431 1870 ibi
453 1802 619 1869 heredium
642 1827 662 1870 a
684 1811 777 1889 patre
795 1807 946 1871 relictum
964 1806 1047 1870 habe'

114 1893 187 1957 inde
218 1894 353 1958 hortatu
379 1892 414 1957 L.
437 1892 562 1958 Valerii
588 1892 716 1977 Flacci,
752 1916 847 1977 quem
878 1895 913 1959 in
945 1895 1047 1959 consul

115 2003 311 2065 censuraque
337 1982 453 2045 habuit
480 1983 653 2066 collegam,
682 1986 720 2046 ut
747 1981 790 2046 M.
812 1981 982 2066 Perpenna
1008 2005 1047 2047 cer

115 2070 182 2132 rius
205 2091 336 2132 narrare
361 2070 477 2134 solitus
500 2074 564 2153 est,
592 2070 732 2134 Romam
759 2071 953 2155 demigravit
976 2070 1010 2135 in
1030 2070 1047 2133 f<

81 2173 95 2218 2
115 2178 176 2239 que
196 2178 264 2220 esse
284 2158 399 2239 coepit.
432 2158 573 2241 primum
597 2158 794 2241 stipendium
816 2159 935 2224 meruit
959 2181 1047 2223 annor

114 2244 223 2308 decem
256 2249 451 2327 septemque.
497 2245 534 2322 Q.
561 2245 664 2310 Fabio
694 2245 737 2309 M.
760 2245 895 2312 Claudio
928 2247 1047 2313 consuli

114 2334 263 2398 tribunus
282 2333 424 2397 militum
442 2335 476 2397 in
496 2332 606 2397 Sicilia
629 2332 701 2398 fuit.
737 2335 810 2399 inde
828 2339 866 2399 ut
884 2335 990 2419 rediit,
1008 2357 1047 2400 ca:

115 2428 243 2487 secutus
267 2426 318 2486 est
340 2420 375 2487 C.
399 2420 525 2488 Claudii
548 2421 702 2507 Neronis,
729 2424 903 2507 magnique
927 2446 1024 2508 opera
1044 2450 1047 2480 ι

115 2512 301 2575 existimata
328 2514 378 2575 est
407 2510 441 2574 in
472 2510 595 2593 proelio
628 2511 713 2594 apud
741 2509 872 2596 Senam,
904 2534 969 2595 quo
1001 2533 1047 2577 ces

81 2616 96 2663 a
114 2599 309 2681 Hasdrubal,
326 2598 429 2663 frater
442 2598 645 2663 Hannibalis.
675 2603 828 2682 quaestor
847 2600 969 2684 obtigit
983 2599 1016 2662 P.
1030 2599 1047 2663 l

116 2709 196 2752 cano
224 2688 361 2771 consuli,
390 2710 464 2752 cum
492 2709 555 2770 quo
581 2709 648 2751 non
676 2709 735 2771 pro
760 2689 858 2752 sortis
880 2689 1047 2752 necessitm

115 2775 210 2840 vixit:
241 2796 380 2858 namque
403 2776 443 2840 ab
467 2797 505 2839 eo
527 2779 684 2858 perpetua
706 2775 859 2840 dissensit
881 2777 958 2841 uita.
1004 2797 1047 2840 ae(

81 2864 222 2948 eplebei
245 2862 351 2927 factus
375 2867 425 2926 est
448 2885 520 2928 cum
544 2862 578 2929 G.
600 2863 727 2928 Heluio.
763 2868 896 2947 praetor
918 2866 1047 2947 provinc

117 2951 260 3017 obtinuit
288 2949 483 3034 Sardiniam,
511 2973 548 3015 ex
576 2973 640 3034 qua
668 2955 821 3034 quaestor
848 2953 1012 3035 superiore
1037 2956 1047 3014 l

116 3060 194 3125 pore
214 3061 252 3103 ex
265 3038 379 3104 Africa
398 3039 550 3103 decedam
571 3038 607 3115 Q.
622 3039 764 3102 Ennium
782 3044 913 3121 poetam
934 3041 1047 3104 deduxe

117 3128 202 3213 quod
232 3149 297 3192 non
324 3128 458 3191 minoris
486 3128 695 3191 aestimamus
723 3149 820 3210 quam
849 3129 1025 3211 quemlibet

116 3216 300 3301 plissimum
324 3214 561 3279 Sardiniensem
584 3216 793 3299 triumphum.

82 3305 102 3368 2
206 3303 419 3369 Consulatum
443 3305 545 3388 gessit
568 3326 640 3368 cum
663 3303 698 3367 L.
717 3302 849 3368 Valerio
868 3302 995 3370 Flacco·
1031 3326 1046 3368 s

117 3393 316 3477 provinciam
339 3398 454 3455 nactus
474 3392 665 3474 Hispaniam
690 3393 873 3456 citeriorem
892 3414 987 3458 exea
1009 3394 1047 3457 tri

83 3495 98 3542 a
117 3482 219 3564 phum
239 3480 431 3565 deportavit.
460 3480 599 3544 ibicum
618 3480 739 3545 diutius
754 3484 944 3560 moraretur,
963 3482 996 3546 P.
1012 3481 1047 3547 Se
