2346 4012
107 201 149 263 72
192 237 198 246 ·
413 200 511 255 xvlll.
529 199 710 255 EUMENES.
738 207 764 254 a.
784 207 809 255 a.

107 345 192 428 quod
223 345 290 409 fere
323 366 434 409 omnes
466 345 501 409 in
533 345 660 429 magnis
691 344 838 428 imperiis
869 345 1025 429 concupisci

71 449 88 496 4
107 433 252 498 omnium
268 436 379 516 partes
398 432 558 514 corripere
578 436 675 515 atque
694 432 877 516 complecti.
912 454 1025 516 nequer

106 521 169 592 hoc
200 521 255 584 ille
288 519 377 584 solus
404 519 496 603 fecit,
528 519 585 584 sed
613 519 713 584 ceteri
741 541 869 604 quoque
898 543 1010 604 omnes,

107 608 283 673 Alexandri
305 607 435 672 fuerant
458 606 563 671 amici.
607 607 732 690 primus
755 606 944 673 Leonnatus
965 608 1025 672 blac

107 698 195 761 niam
227 716 461 778 praeoccupare
489 694 673 759 destinavit.
721 695 750 759 is
778 696 891 760 multis
922 697 1025 782 magni

107 783 400 869 pollicitationibus
426 782 617 865 persuadere
640 782 780 847 Eumeni
807 784 947 868 studuit,
972 789 1006 848 ut

73 873 231 937 cdiccam
259 870 420 934 desereret
447 892 484 934 ac
512 892 621 934 secum
648 870 770 935 faceret
792 872 992 936 societatem.

107 958 280 1043 perducere
304 979 378 1022 eum
400 979 466 1022 non
487 962 608 1042 posset,
632 957 813 1023 interficere
836 964 974 1024 conatus
996 981 1024 1024 es

108 1046 253 1128 fecisset,
279 1045 344 1109 nisi
370 1045 426 1109 ille
453 1044 537 1110 clam
563 1050 663 1111 noctu
690 1068 729 1110 ex
751 1047 923 1129 praesidiis
947 1049 1012 1112 eius

131 1135 220 1198 isset.

74 1156 130 1288 3g
197 1220 334 1286 Interim
361 1221 500 1285 conflata
527 1225 603 1285 sunt
629 1221 687 1286 illa
713 1221 812 1304 bella,
840 1243 924 1305 quae
952 1223 1025 1287 adi

108 1311 270 1376 nicionem
292 1312 368 1391 post
390 1308 566 1372 Alexandri
589 1313 728 1373 mortem
751 1313 844 1394 gesta
872 1315 965 1394 sunt,
992 1333 1025 1375 on

111 1421 172 1482 que
195 1400 426 1462 concurrerunt
449 1395 489 1459 ad
511 1395 698 1462 Perdiccam
721 1397 980 1480 opprimendum.
1019 1421 1025 1461 r

110 1486 173 1549 etsi
201 1484 365 1547 infirmum
393 1482 536 1565 videbat,
564 1485 650 1567 quod
677 1506 760 1548 unus
788 1486 940 1550 omnibus
966 1487 1025 1551 resi

111 1572 301 1659 cogebatur,
325 1574 434 1633 tamen
456 1571 596 1635 amicum
618 1594 684 1637 non
706 1571 848 1636 deseruit
869 1594 978 1656 neque
1002 1597 1025 1638 sr

75 1677 209 1744 aquam
231 1658 306 1722 fidei
329 1657 392 1721 fuit
415 1658 569 1742 cupidior.
613 1659 812 1741 praefecerat
834 1659 920 1726 hunc
946 1660 1025 1727 Perd

111 1749 141 1813 ei
159 1747 245 1831 parti
259 1744 367 1829 Asiae,
390 1767 471 1830 quae
489 1747 575 1811 inter
588 1746 730 1811 Taurum
748 1751 892 1811 montem
911 1748 1000 1814 iacet
1020 1773 1025 1814 ι

112 1836 374 1919 Hellespontum,
404 1838 437 1898 et
463 1834 557 1899 illurn
583 1856 683 1899 unum
711 1839 908 1918 opposuerat
933 1836 1025 1903 Euro

112 1923 317 2007 adversariis,
339 1922 409 2006 ipse
423 1921 611 2007 Aegyptum
630 1927 853 2007 oppugnatum
871 1923 1025 1990 adversus

77 2030 93 2077 3
112 2014 272 2078 lernaeum
290 2014 360 2076 erat
378 2009 550 2092 profectus.
586 2009 747 2073 Eumenes
767 2032 839 2074 cum
856 2032 964 2094 neque
984 2036 1025 2077 mr

113 2101 222 2183 copias
244 2119 348 2181 neque
370 2098 481 2161 firmas
503 2098 647 2180 haberet,
671 2097 756 2180 quod
778 2103 812 2160 et
831 2097 1025 2164 inexercitat

111 2209 178 2252 non
200 2185 304 2249 multo
328 2188 402 2247 ante
426 2189 517 2248 erant
536 2188 729 2268 contractae,
753 2185 924 2250 adventare
943 2183 1025 2252 aute:

113 2276 261 2339 cerentur
279 2270 591 2354 Hellespontumque
616 2273 771 2336 transisse
790 2272 967 2357 Antipater
991 2281 1026 2339 et

90 2361 201 2426 'toros
225 2381 341 2444 magno
365 2380 438 2422 cum
461 2360 604 2423 exercitu
626 2359 847 2440 Macedonum,
872 2362 934 2424 viri
956 2384 1025 2427 cun

78 2451 210 2514 critate
248 2451 318 2512 tum
349 2467 410 2512 usu
446 2446 524 2511 belli
560 2452 763 2531 praestantes
796 2445 1006 2531 (Macedones

113 2537 235 2601 milites
259 2558 296 2600 ea
319 2535 389 2600 tum
412 2540 507 2600 erunt
529 2533 628 2619 fama,
656 2557 720 2618 qua
741 2557 825 2599 nunc
848 2535 991 2601 Romani
1014 2538 1025 2602 i

113 2629 181 2689 tur:
204 2624 324 2687 etenim
347 2644 474 2705 semper
495 2623 600 2687 habiti
623 2627 700 2688 sunt
717 2623 898 2706 fortissimi,
922 2625 1026 2707 quisi

61 2707 66 2718 ’
113 2711 242 2795 imperii
264 2707 476 2796 potirentur):
505 2710 667 2776 Eumenes
694 2711 919 2795 intellegebat,
948 2713 976 2775 si
1007 2736 1025 2778 c

114 2821 191 2864 suae
215 2801 419 2882 cognossent,
442 2798 594 2863 adversus
614 2820 694 2882 quos
713 2799 913 2881 ducerentur,
935 2821 1025 2864 non:

78 2902 179 2951 onon
200 2886 319 2968 ituras,
342 2885 398 2950 sed
421 2885 517 2950 simul
541 2908 614 2951 cunr
636 2887 750 2951 nuntio
774 2887 964 2968 dilapsuras.
1007 2889 1025 2952 i

113 2975 176 3038 lroc
194 2973 224 3038 ei
242 2973 348 3037 visum
370 2977 421 3036 est
443 2974 739 3057 prudentissimum,
761 2978 799 3038 ut
821 2975 921 3038 deviis
944 2975 1025 3041 itiue

115 3060 236 3125 milites
264 3060 407 3142 duceret,
436 3061 471 3124 in
498 3061 615 3145 quibus
642 3083 718 3126 vera
744 3062 854 3126 audire
881 3084 947 3126 non
974 3087 1025 3147 po:

115 3152 148 3213 et
174 3148 215 3212 iis
239 3147 450 3231 persuaderet
477 3170 511 3213 se
539 3153 653 3213 contra
680 3150 837 3231 quosdam
866 3150 1024 3216 barbaros

80 3254 95 3302 c
114 3235 224 3301 ficisci.
254 3237 350 3318 atque
374 3235 480 3300 tenuit
498 3235 560 3318 hoc
578 3237 782 3319 propositum
801 3241 835 3301 et
852 3238 942 3320 prius
961 3238 996 3302 in
1015 3262 1025 3302 r

115 3324 292 3389 exercitum
310 3322 420 3387 eduxit
441 3322 664 3406 proeliumque
683 3325 855 3409 commisit,
879 3347 977 3408 quam
996 3349 1025 3389 m

115 3412 166 3476 sui
185 3411 313 3494 scirent,
337 3432 409 3474 cum
428 3410 545 3493 quibus
565 3431 654 3475 arma
673 3412 863 3477 conferrent.
894 3413 1000 3477 effecit
1019 3439 1025 3477 r

114 3499 196 3563 illud
218 3498 363 3563 locorum
385 3499 687 3583 praeoccupatione,
709 3503 747 3562 ut
770 3501 917 3583 equitatu
940 3502 1025 3583 potir
