2324 4020
117 224 159 288 62
406 221 466 276 XV.
485 217 756 275 EPAMINONDAS.
786 224 827 275 10.

81 386 97 433 a
117 371 291 452 superstes,
314 366 370 431 sed
394 366 493 430 etiam
515 364 711 429 immortalis
735 364 780 428 sit
801 385 933 428 necesse
956 359 1018 426 est’

115 462 261 540 tempore
289 456 369 519 duce
392 453 549 537 Pelopida
576 453 685 517 exules
708 452 837 516 Thebas
866 473 1019 535 occuparo

114 543 309 629 praesidium
325 541 655 608 Lacedaemoniorum
669 563 708 605 ex
729 561 802 605 arce
821 540 1018 623 expulerunt,

115 632 295 715 minondas,
318 630 472 714 quamdiu
494 628 583 694 facta
606 633 657 693 est
680 629 792 694 caedes
816 628 945 710 civium,
971 628 1019 692 dor

115 720 235 804 tenuit,
266 719 354 802 quod
385 739 489 802 neque
522 717 691 782 defendere
724 717 828 781 malos
859 717 990 781 volebat
1016 738 1019 780 1

115 810 321 894 impugnare,
352 827 392 870 ne
423 827 537 870 manus
570 827 703 870 suorum
735 805 893 889 sanguine
928 826 1019 869 eruen

114 917 254 980 namque
278 915 406 960 omnem
430 893 558 959 civilem
584 893 756 958 victoriani
784 892 949 957 funestam
979 916 1019 977 pu

114 984 214 1068 idem,
240 986 416 1067 postquam
444 982 530 1065 apud
557 979 731 1047 Cadmeam
760 1003 833 1046 cum
860 979 1019 1046 Lacedaer

114 1071 254 1156 pugnari
277 1075 428 1154 coeptum
451 1073 510 1153 est,
532 1069 704 1154 inprimis
728 1070 831 1135 stetit.

79 1175 96 1223 4
202 1158 309 1224 Huius
333 1158 371 1223 de
394 1158 571 1222 virtutibus
595 1158 726 1241 vitaque
750 1158 831 1222 satis
855 1158 918 1222 erit
942 1159 1019 1224 dieu

114 1248 176 1313 hoc
199 1269 300 1313 unum
324 1247 508 1330 adiunxero,
532 1246 618 1329 quod
639 1267 735 1311 nemo
758 1246 822 1310 ibit
839 1245 973 1330 infitias,
996 1247 1019 1310 T

114 1340 149 1401 et
172 1341 248 1401 ante
270 1334 530 1419 Epaminondam
553 1339 667 1399 natum
691 1338 823 1418 etpost
847 1334 992 1399 eiusdem
1015 1336 1019 1398 1

114 1428 186 1488 tum
199 1427 356 1507 perpetuo
371 1423 476 1487 alieno
490 1423 637 1507 paruisse
656 1421 802 1506 imperia,
819 1427 935 1488 contra
950 1445 996 1507 ea,
1016 1451 1019 1482 ι

115 1512 170 1575 (116
197 1511 252 1575 1116
279 1509 457 1594 praefuerit
483 1511 531 1574 rei
557 1511 722 1595 publicae,
755 1514 852 1595 caput
884 1510 987 1576 fuisse

116 1597 279 1664 Graeciae.
325 1620 364 1663 ex
396 1620 459 1683 quo
491 1598 641 1683 intellegi
672 1603 784 1684 potest
819 1621 922 1664 unum
958 1601 1019 1664 hon

114 1687 217 1772 pluris
241 1708 339 1771 quam
362 1686 527 1753 civitatem
550 1685 660 1751 fuisse.

424 1989 518 2062 XVI.
546 1987 817 2062 PELOPIDAS.

48 2108 53 2124 i
81 2127 99 2191 1
195 2127 375 2211 Pelopidas
390 2127 573 2211 Thebanus,
596 2128 701 2213 magis
720 2127 886 2192 historicis
906 2150 1004 2213 quam

114 2220 221 2281 notus
267 2215 358 2280 cuius
386 2214 425 2280 de
452 2215 630 2281 virtutibus
658 2215 771 2281 dubito
800 2237 897 2300 quem
924 2218 965 2281 ad
993 2240 1019 2281 m

115 2324 288 2389 exponam,
316 2302 402 2386 quod
424 2323 549 2387 vereor,
578 2305 606 2368 si
630 2326 681 2368 res
705 2304 864 2388 explicare
888 2305 1019 2389 incipiar

114 2415 181 2459 uon
194 2392 296 2457 vitam
311 2391 381 2456 cius
400 2412 559 2477 enarrare,
582 2392 637 2456 sed
655 2392 829 2457 historiam
843 2392 954 2457 videar
975 2415 1019 2459 sor

116 2482 167 2547 sin
194 2478 421 2547 tantummodo
449 2500 592 2545 summas
620 2480 776 2566 attigero,
803 2501 843 2544 ne
867 2481 1003 2547 rudibus

115 2592 225 2635 carum
256 2569 443 2634 litterarum
472 2568 579 2634 minus
612 2568 750 2633 dilucide
780 2574 950 2653 appareat,
984 2592 1019 2654 qr

113 2657 213 2722 fuerit
235 2657 291 2721 1116
314 2657 372 2722 vir.
405 2658 517 2740 itaque
540 2656 670 2740 utrique
694 2657 943 2742 reincourram,
967 2680 1019 2741 qur

114 2749 275 2828 potuero,
297 2748 332 2809 et
359 2745 513 2810 medebor
540 2766 613 2810 cum
641 2745 739 2809 satiet
760 2746 786 2808 ti
817 2748 888 2809 tum
919 2745 1019 2831 ignor

116 2833 284 2898 lectorum.
901 2889 902 2892 ,

80 2936 96 2982 a
204 2918 387 2985 Phoebidas
414 2918 688 2985 Lacedaemonius
721 2943 795 2986 cum
822 2922 1001 2987 exercitum

116 3008 210 3073 thum
233 3007 364 3072 duceret
386 3008 513 3091 iterque
535 3030 593 3092 per
615 3008 743 3073 Thebas
771 3008 907 3093 faceret,
935 3031 1020 3076 arcer

115 3095 202 3179 pidi,
238 3117 321 3178 quae
357 3093 498 3161 Cadmea
533 3097 737 3180 nominatur,
775 3097 946 3181 occupavit
982 3100 1019 3163 iu

116 3204 294 3267 paucorum
316 3182 559 3268 Thebanorum,
587 3186 642 3268 qui
670 3185 872 3250 adversariae
900 3185 1019 3252 faction

116 3271 244 3337 facilius
268 3271 471 3355 resisterent,
499 3271 665 3338 Laconum
688 3273 785 3338 rebus
809 3274 1000 3359 studebant,

81 3376 97 3422 3
118 3380 176 3424 suo
194 3361 332 3445 privato,
354 3381 420 3425 non
437 3360 568 3445 publico
587 3359 665 3426 fecit
684 3361 829 3427 consilio.
864 3383 927 3445 quo
948 3362 1017 3428 fact

117 3445 363 3514 Lacedaemonii
382 3448 423 3513 ab
442 3449 586 3513 exercitu
605 3454 812 3514 removerunt
830 3451 1019 3535 pecuniaqu

118 3539 243 3620 tarunt,
271 3557 375 3621 neque
398 3557 436 3601 eo
459 3537 563 3622 magis
588 3559 695 3603 arcem
717 3536 881 3602 Thebanis
909 3539 1019 3605 reddid
