2324 4020
384 219 456 276 XIV.
476 220 657 277 DATAMES.
681 228 758 278 6—8.
1031 226 1074 288 53

64 365 173 429 fuerat
192 366 383 450 cogitatum,
405 366 438 431 id
462 366 502 430 ad
525 367 665 432 salutem
685 369 853 433 convertit.
889 390 952 452 quo
971 391 1076 453 neque
1147 397 1153 409 ⁴

66 453 193 519 acutius
225 454 324 518 ullius
357 454 563 538 imperatoris
594 456 775 540 cogitatum
806 478 922 540 neque.
940 457 1076 523 celerius

65 542 190 607 factum
211 563 350 625 usquam
372 542 521 627 legimus.

152 629 207 695 Ab
230 629 294 695 hoe
316 634 427 695 tamen
449 631 519 695 viro
544 628 681 715 Sisines,
711 632 853 697 maximo
875 636 956 697 natu
979 634 1114 717 filius?

65 718 183 785 desciit
210 719 251 783 ad
278 739 452 804 regemque
479 719 613 783 transiit
640 724 674 785 et
696 720 735 784 de
756 715 943 786 'defectione
970 723 1075 805 patris

65 807 193 873 detulit.
239 827 303 891 quo
330 809 446 872 nuntio
470 807 667 872 Artaxerxes
691 813 887 894 commotus,
917 809 1003 893 quod
1029 811 1076 875 in·

64 896 246 982 tellegebat
273 895 337 960 sibi
363 917 438 960 cum
464 895 534 959 viro
567 894 646 960 forti
674 916 712 961 ac
742 901 874 963 strenuo
906 898 1077 984 negotium

64 1006 145 1069 esse,
170 984 227 1068 qui
249 988 283 1048 et
305 982 395 1067 prius
419 984 563 1068 cogitare
588 1005 686 1067 quam
705 986 815 1050 conari
834 990 1023 1052 consuesset
1040 991 1076 1070 et,

63 1095 140 1138 eum
154 1071 342 1158 cogitasset,
359 1071 466 1137 facere
485 1072 626 1155 auderet,
644 1071 929 1157 Autophrodatem
946 1076 982 1139 in
995 1073 1076 1158 Cap-

61 1160 236 1245 padociam
263 1160 377 1224 mittit.
422 1159 476 1224 hic
502 1182 543 1224 ne
570 1160 694 1225 intrare
720 1165 847 1245 posset,
878 1163 1012 1246 saltum,
1041 1163 1111 1225 ins

63 1271 130 1334 quo
150 1248 284 1314 Ciliciae
307 1252 421 1333 portae
445 1252 522 1313 sunt
545 1248 636 1332 sitae,
658 1248 820 1314 Datames
839 1271 1075 1334 praeoccupare

63 1337 202 1403 studuit.
247 1336 303 1402 sed
329 1341 398 1401 tam
429 1337 538 1401 subito
566 1337 675 1421 copias
704 1338 895 1403 contrahere
922 1359 990 1402 non
1020 1355 1110 1422 poa

62 1427 140 1492 tuit.
187 1447 208 1490 a
235 1445 298 1508 qua
326 1447 360 1489 re
387 1425 540 1509 depulsus
569 1447 642 1488 cum
670 1447 708 1489 ea
735 1447 847 1511 manu,
877 1448 975 1509 quam
1003 1447 1076 1491 con·

62 1517 226 1596 traxerat,
248 1514 357 1578 locum
380 1513 503 1598 delegit
526 1513 642 1597 talem,
664 1517 702 1578 ut
723 1535 828 1597 neque
851 1514 1077 1580 circumiretur

62 1604 105 1668 ab
134 1602 288 1666 hostibus
314 1623 419 1685 neque
447 1601 642 1685 praeteriret
669 1602 886 1688 adversarius,
908 1603 998 1686 ,quin
1023 1625 1076 1666 an·

63 1689 330 1844 1ῧῖ11111Ξὲ
345 1690 1077 1863 tttttlttattitttttttlt

154 1863 245 1932 Haec
273 1866 336 1931 etsi
357 1865 624 1950 Autophrodates
651 1866 795 1950 videbat,
824 1870 934 1930 tamen
962 1867 1115 1932 statim8

63 1956 181 2020 maluit
201 1954 354 2040 congredi
377 1960 475 2037 qua'm
498 1975 571 2018 oum
595 1954 696 2018 tantis
721 1954 823 2038 copiis
846 1953 994 2039 refugere
1018 1957 1076 2017 aut

65 2049 136 2108 tam
159 2042 215 2108 diu
237 2065 301 2108 uno
323 2044 396 2107 loeo
420 2042 539 2107 sedere.
584 2041 729 2107 habebat
750 2035 964 2106 barbarorum
988 2041 1110 2124 equi-c

63 2137 138 2197 tum
157 2131 285 2216 viginti,
307 2131 454 2215 peditum
473 2134 603 2195 centum
626 2130 726 2215 milia,
750 2151 831 2214 quos
849 2130 900 2194 illi
914 2128 1075 2196 Cardacas

64 2219 248 2305 appellant,
277 2219 484 2301 eiusdemque
512 2218 640 2304 generis
664 2219 728 2283 tria
751 2218 843 2283 milia
864 2218 1076 2302 funditorum,

63 2312 237 2393 praeterea
249 2306 477 2391 Cappadocum
497 2311 572 2372 octo
595 2307 695 2390 milia,
718 2306 949 2372 Armeniorum
966 2308 1075 2371 decem

64 2397 172 2481 milia,
199 2395 447 2480 Paphlagonum
471 2395 613 2479 quinque
641 2394 746 2479 milia,
773 2394 942 2480 Phrygum
965 2394 1075 2458 decem

63 2484 175 2568 milia,
196 2483 362 2567 Lydorum
385 2483 526 2568 quinque
549 2483 653 2566 milia,
676 2482 916 2566 Aspendiorum
939 2484 973 2546 et
995 2480 1075 2545 Pisi·

63 2573 183 2638 darum
204 2572 334 2637 circiter
356 2571 420 2636 tria
443 2571 547 2656 milia,
570 2570 708 2637 Cilicum
732 2571 794 2635 duo
818 2569 922 2653 milia,
946 2567 1075 2652 Captia-

63 2682 184 2726 norum
210 2659 362 2745 totidem‚
391 2681 431 2724 ex
459 2657 595 2724 Graecia
623 2658 856 2724 conductorum
883 2657 949 2721 tria
976 2656 1076 2741 milia,

63 2749 147 2814 levis
180 2751 363 2812 armaturae
395 2746 572 2811 maximum
604 2769 782 2812 numerum.
827 2746 888 2810 has
920 2745 1110 2810 adversuss

64 2837 178 2921 copias
205 2857 279 2920 spes
308 2836 413 2900 omnis
441 2835 643 2900 consistebat
665 2833 799 2899 Datami
826 2834 861 2897 in
884 2855 919 2898 se
948 2833 1076 2916 locique

62 2929 184 2990 natura
216 2945 356 3007 namque
377 2923 474 2988 huius
497 2927 624 3006 partem
642 2944 709 2987 non
725 2922 870 2986 habebat
887 2921 1076 2996 vicesimam

63 3013 233 3078 militum.
283 3012 402 3095 quibus
434 3009 538 3076 fretus
571 3010 718 3076 conflixit
754 3009 1076 3092 adversariorumque

63 3101 171 3166 multa
193 3100 285 3164 milia
307 3099 457 3180 concidit,
480 3120 554 3163 cum
576 3098 615 3163 de
639 3097 742 3182 ipsius
765 3097 909 3162 exercitu
926 3118 993 3162 non
1011 3118 1076 3160 am·

61 3189 150 3274 plius
183 3188 352 3253 hominum
384 3187 473 3251 mille
506 3186 684 3251 cecidisset.
737 3206 836 3270 quam
867 3185 909 3249 ob
944 3204 1076 3250 eausam

61 3281 198 3362 postero
221 3277 273 3341 die
296 3279 467 3360 tropaeum
489 3275 609 3359 posuit,
633 3295 697 3359 quo
720 3273 792 3338 loco
820 3272 925 3356 pridie
952 3291 1075 3356 pugna

61 3371 134 3430 turn
163 3369 243 3431 erat.
287 3363 364 3429 hino
391 3385 465 3429 cum
493 3366 601 3428 eastra
628 3361 785 3426 movisset
811 3380 1001 3443 semperque
1028 3359 1110 3422 1114

61 3454 165 3519 ferior
178 3452 281 3537 copiis
296 3452 443 3536 superior
462 3451 612 3516 omnibus
631 3449 764 3534 proeliis
783 3448 970 3529 discederet,
989 3445 1075 3529 quod

61 3562 243 3626 numquam
275 3562 409 3604 manum
439 3543 637 3622 consereret,
667 3538 732 3602 nisi
763 3558 838 3602 cum
871 3533 1074 3599 adversarios
