2324 4020
331 217 430 273 xvffl.
448 217 627 275 EUMENES.
656 225 732 276 3-5.
992 220 1035 284 73

10 378 19 389 ’·
54 359 181 511 ,inimi
208 384 272 446 quo
299 362 373 446 plus
396 362 539 448 valebat,
566 385 663 446 quam
690 363 849 449 peditatu,
878 387 942 447 quo
966 369 1036 429 erat

70 449 182 514 eterior.

124 537 266 612 Quorum
290 538 446 602 acerrimo
470 560 628 604 concursu
647 561 720 604 cum
739 560 890 624 magnam
908 545 1035 623 partem
1053 541 1076 604 4

51 621 101 688 diei
120 630 206 690 esset
232 630 427 710 pugnatum,
454 627 541 691 cadit
564 625 715 691 Crateros
744 627 807 691 dux
835 633 868 692 et
891 627 1035 712 Neopto·

48 710 144 797 lenus,
167 713 223 796 qui
246 715 421 778 secundum
438 714 546 778 locum
564 715 692 798 imperii
711 716 851 779 tenebat.
882 737 955 780 cum
972 716 1035 781 hoc

48 802 196 865 concurrit
222 802 292 884 ipse
314 801 485 866 Eumenes.
530 802 586 884 qui
610 825 683 866 cum
709 803 796 867 inter
818 824 852 867 se
876 805 1072 887 complexis

46 888 210 952 interram
233 910 271 953 ex
294 889 385 973 equis
404 889 606 973 decidissent,
628 894 667 954 ut
685 890 779 955 facile
799 891 946 975 intellegi
964 913 1036 974 pos-

46 981 107 1040 sent
122 977 255 1041 inimica
273 981 381 1041 mente
400 977 604 1042 contendisse
623 977 795 1061 animoque
814 979 919 1063 magis
937 980 1036 1044 etiam

45 1085 195 1149 pugnasse
227 1086 324 1148 quam
357 1087 509 1148 corpore,
543 1087 610 1129 non
644 1066 735 1148 prius
769 1066 919 1130 distracti
951 1071 1037 1151 sunt,

45 1172 129 1234 quam
147 1152 286 1217 alterum
304 1153 412 1216 anima
425 1152 630 1235 relinqueret.
653 1154 694 1217 ab
712 1153 775 1218 hoc
790 1155 915 1237 aliquot
929 1156 1036 1240 plagis

44 1237 194 1304 Eumenes
221 1241 421 1325 vulneratur,
447 1262 552 1324 neque
579 1263 617 1305 eo
641 1241 746 1326 magis
770 1263 809 1305 ex
838 1243 962 1325 proelio
986 1265 1036 1305 cx-

45 1328 144 1411 cessit,
172 1328 228 1392 sed
255 1329 361 1393 acrius
388 1328 500 1393 hostes
523 1328 654 1392 institit.
698 1328 752 1392 hic
775 1329 940 1411 equitibus
964 1344 1074 1412 pro-e

44 1413 170 1500 ligatis,
197 1415 369 1481 interfecto
393 1416 472 1481 duce
496 1413 644 1500 Cratero,
672 1417 784 1480 multis
812 1420 981 1499 praeterea
1003 1423 1037 1482 et

45 1504 171 1567 maxime
193 1503 357 1568 nobilibus
380 1504 484 1586 captis
507 1503 658 1586 pedester
685 1505 859 1588 exercitus,
889 1506 976 1589 quod
1003 1506 1039 1569 in

44 1591 169 1655 calcea
196 1594 267 1654 erat
293 1591 463 1675 deductus,
494 1595 532 1654 ut
558 1591 662 1656 invito
685 1591 831 1656 Eumene
859 1593 944 1656 elabi
971 1615 1038 1657 non

44 1682 156 1762 posset,
183 1699 296 1761 pacem
319 1678 359 1742 ab
383 1701 420 1744 eo
443 1678 548 1762 petiit.
595 1700 692 1761 quam
719 1701 793 1744 cum
819 1681 1037 1764 impetrasset,

45 1763 151 1830 infide
172 1787 239 1830 non
261 1766 381 1829 mansit
402 1770 436 1830 et
459 1788 509 1849 se,
539 1766 674 1831 simulac
697 1768 815 1850 potuit,
839 1769 879 1831 ad
902 1767 1034 1851 Antipa-

45 1852 120 1917 trum
143 1853 273 1936 recepit
313 1853 475 1918 Eumenes
498 1852 668 1919 Craterum
692 1877 731 1919 ex
756 1856 823 1919 acie
847 1856 1073 1919 semivivumt

46 1940 156 2006 elatum
178 1961 323 2006 recreare
346 1942 484 2025 studuit3
516 1964 590 2006 cum
612 1943 646 2007 id
667 1965 734 2007 non
755 1946 876 2026 posset,
899 1963 958 2026 pro
981 1942 1037 2007 ho·

45 2029 129 2093 minis
153 2029 312 2113 dignitate
335 2050 458 2112 proque
481 2029 621 2112 pristina
644 2030 789 2094 amicitia
808 2028 960 2115 (namque
979 2030 1037 2095 illo

45 2135 111 2181 usus
139 2120 211 2182 erat
232 2115 415 2180 Alexandro
443 2117 516 2181 vivo
545 2116 763 2203 familiariter)
788 2117 896 2201 amplo
924 2117 1037 2182 funere

44 2204 152 2270 extulit
179 2224 315 2287 ossaque
343 2204 379 2268 in
400 2203 624 2270 Macedoniam
651 2207 745 2269 uxori
773 2206 841 2270 eius
865 2226 902 2270 ac
925 2205 1037 2270 liberis

42 2292 170 2356 remisit.
219 2314 223 2324 ·

120 2379 210 2444 Haec
230 2380 306 2444 dum
321 2380 405 2463 apud
418 2379 669 2464 Hellespontum
683 2385 848 2465 geruntur,
867 2381 1036 2445 Perdiccas
1055 2378 1079 2443 5

40 2468 119 2552 apud
132 2467 246 2531 Nilum
268 2468 389 2532 flumen
410 2468 607 2532 interficitur
625 2491 644 2532 a
664 2467 798 2533 Seleuco
817 2473 851 2533 et
864 2467 1037 2552 Antigene,

10 2570 204 2638 rrerumque
237 2577 363 2619 summa
394 2557 435 2619 ad
461 2555 673 2639 Antipatrum
705 2556 856 2620 defertur.
900 2555 953 2619 hic
982 2557 1037 2638 qui

37 2663 96 2708 non
122 2643 342 2727 deseruerant,
373 2644 517 2708 exercitu
549 2643 739 2728 suffragium
769 2643 892 2708 ferente
921 2643 1037 2726 capitis

37 2731 185 2796 absentes
202 2730 405 2814 damnantur,
427 2732 462 2795 in
480 2732 527 2795 eis
545 2731 717 2796 Eumenes.
753 2732 814 2797 hac
837 2732 892 2796 ille
915 2732 1038 2814 percul-

37 2839 89 2883 sus
115 2818 214 2902 plaga
240 2839 306 2882 non
333 2820 504 2884 succubuit
519 2818 629 2902 'neque
653 2842 691 2885 eo
715 2821 816 2883 setius
840 2819 963 2884 bellum
986 2820 1038 2883 ad-

35 2906 241 2971 ministravit.
282 2907 338 2970 sed
361 2906 460 2971 exiles
488 2929 539 2971 res
563 2907 662 2970 animi
685 2907 952 2991 magnitudinem,
975 2907 1038 2971 etsi

34 3014 99 3059 non
120 2992 330 3078 frangebant,
359 2998 469 3059 tamen
492 2995 689 3059 minuebant.
732 2995 818 3059 hunc
842 3017 1037 3079 persequens
1057 3007 1075 3055 a

33 3080 239 3166 Antigonus,
275 3103 348 3146 cum
381 3083 469 3146 omni
505 3104 621 3167 genere
654 3083 819 3166 copiarum
852 3083 1038 3163 abundaret,

33 3191 129 3253 saepe
152 3169 187 3232 in
209 3169 382 3233 itineribus
406 3170 592 3253 vexabatur,
614 3192 717 3254 neque
740 3192 896 3253 umquam
915 3171 955 3233 ad
974 3191 1038 3233 ma·

31 3279 111 3323 num
131 3256 281 3321 accedere
299 3257 421 3321 licebat
433 3259 496 3321 nisi
511 3258 551 3321 iis
566 3258 656 3341 locis,
679 3258 795 3341 quibus
809 3259 905 3342 pauci
925 3257 1037 3320 multis

30 3347 171 3430 possent
188 3344 349 3409 resistere.
386 3345 441 3409 sed
460 3349 604 3409 extremo
628 3349 783 3429 tempore,
806 3366 878 3410 cum
902 3342 1074 3408 consilios

28 3433 104 3518 capi
117 3452 186 3496 non
198 3436 320 3515 posset,
333 3432 541 3496 multitudine
557 3433 742 3496 circumitus
757 3436 816 3496 est.
838 3432 914 3494 hino
928 3435 1038 3493 tamen

23 3519 147 3588 multis
171 3519 238 3583 suis
261 3519 390 3583 amissis
414 3541 448 3584 se
467 3519 628 3603 expedivit
646 3524 679 3583 et
697 3521 731 3583 in
750 3519 919 3583 castellum
937 3516 1038 3601 Phry-
