2324 4020
298 232 397 287 XVIII.
417 232 597 288 sumanus.
626 239 666 288 12.
688 238 728 288 13.
979 234 1021 296 79

18 381 121 441 castra
149 381 368 461 moverentur,
396 377 553 443 insciente
581 378 748 464 Antigono
776 378 942 463 iugulatus
971 382 1022 442 est

19 485 33 527 a
54 465 255 529 custodibus.

101 550 159 616 Sic
185 551 347 616 Eumenes
375 574 533 617 annorum
561 554 702 637 quinque
731 558 765 618 et
796 553 1021 638 quadraginta,
1034 554 1076 618 13

21 661 86 704 cum
110 640 153 704 ab
177 661 260 704 anno
283 640 447 724 vicesimo,
469 641 519 705 uti
542 663 640 725 supra
663 641 872 724 ostendimus,
896 645 1022 723 septem

19 749 116 792 annos
130 727 284 811 Philippo
299 729 512 812 apparuisset,
530 729 685 794 tredecim
702 729 787 812 apud
800 729 1021 793 Alexandrum

19 815 151 880 eundem
173 816 281 880 locum
305 816 510 897 obtinuisset,
533 817 568 880 in
591 817 637 880 eis
661 839 761 880 unum
785 817 932 900 equitum
950 816 1023 880 alae

14 903 219 986 praefuisset,
240 907 317 986 post
340 907 449 967 autem
467 904 643 968 Alexandri
666 903 779 989 Magni
801 909 941 969 mortem
964 905 1023 967 im·

14 995 147 1074 perator
178 991 337 1055 exercitus
369 991 514 1055 duxisset
541 1013 748 1075 summosque
776 992 872 1057 duces
900 992 1021 1075 partim

13 1078 220 1163 reppulisset,
241 1079 362 1161 partim
385 1078 615 1163 interfecisset,
638 1085 751 1164 captus
774 1101 840 1144 non
862 1079 1021 1164 Antigoni

13 1167 146 1251 virtute,
168 1167 224 1231 sed
242 1165 455 1231 Macedonum
477 1167 619 1250 periurIo
643 1167 743 1231 talem
764 1167 881 1231 habuit
897 1169 1021 1231 exitum

13 1254 110 1319 vitae.
155 1254 190 1317 in
217 1275 281 1337 quo
310 1258 432 1338 quanta
460 1255 604 1319 omnium
633 1255 732 1319 fuerIt
760 1254 870 1338 opinio
898 1270 1058 1337 eorum,a

14 1343 71 1425 qui
98 1346 175 1426 post
197 1341 417 1405 Alexandrum
444 1341 600 1427 Magnum
630 1363 722 1428 reges
751 1346 827 1406 sunt
853 1341 1020 1425 appellati,

14 1450 55 1493 ex
76 1430 139 1495 hoc
162 1428 315 1494 facillime
337 1433 449 1513 potest
471 1430 620 1514 iudicari,
647 1430 746 1514 quod,
773 1447 902 1511 quorum
924 1451 1019 1493 nemo

14 1513 160 1582 Eumene
178 1517 252 1581 vivo
270 1538 327 1581 rex
345 1517 527 1601 appellatus
546 1522 605 1601 est,
629 1518 684 1582 sed
703 1517 895 1601 praefectus,
916 1517 1021 1582 eidem
1039 1533 1058 1580 3

15 1610 92 1688 post
117 1605 214 1670 huius
243 1626 393 1669 occasum
421 1606 534 1669 statim
561 1606 687 1689 regium
711 1611 862 1670 ornatum
890 1628 1021 1670 nomeu·

15 1713 78 1776 que
107 1697 315 1776 sumpserunt
340 1714 458 1776 neque,
486 1693 572 1776 quod
600 1693 696 1758 initio
720 1695 959 1777 praedicarant,
987 1714 1021 1756 se

16 1780 192 1846 Alexandri
214 1780 325 1845 liberis
348 1801 485 1865 regnum
506 1802 642 1865 servare,
665 1785 831 1863 praestare
850 1781 1022 1845 voluerunt

17 1873 51 1932 et
74 1869 130 1934 hoc
154 1891 219 1933 uno
246 1872 486 1953 propugnatore
514 1869 643 1933 sublato
667 1868 744 1951 quid
766 1869 927 1932 sentirent
949 1890 1021 1950 ape·

17 1960 159 2021 ruenmt.
203 1955 300 2020 huius
324 1956 454 2020 sceleris
481 1956 644 2040 principes
672 1955 803 2019 fuerunt
825 1955 1021 2039 Antigonus,

17 2040 232 2127 Ptolemaeus,
256 2041 417 2127 Seleucus,
440 2042 662 2127 LysImachus,
686 2042 893 2107 Cassandrus.
927 2042 1056 2106 Anti-4

18 2153 119 2218 genus
144 2136 253 2197 autem
274 2130 453 2196 Eumenem
476 2136 642 2195 mortuum
667 2131 857 2215 propinquis
881 2130 951 2195 eius
975 2152 1022 2194 se·

17 2221 200 2304 peliendum
223 2219 365 2283 tradidit.
401 2219 426 2282 ii
449 2219 584 2283 militari
606 2220 809 2302 honestoque
827 2218 949 2303 funere,
972 2240 1022 2283 co-

18 2310 155 2374 mitante
188 2311 259 2371 toto
290 2307 445 2390 exercitu,
477 2306 694 2372 humaverunt
725 2328 863 2389 ossaque
891 2308 959 2372 eius
987 2307 1022 2369 in

19 2394 254 2482 Cappadociam
268 2394 308 2458 ad
327 2399 464 2459 matrem
483 2398 580 2477 atque
598 2417 732 2459 uxorem
750 2395 934 2477 liberosque
953 2393 1022 2458 eius
1150 2454 1153 2458 .

20 2483 216 2568 deportanda
239 2487 400 2548 curarunt.

411 2642 624 2652 *-

342 2783 436 2856 ΧΙΧ.
468 2783 686 2856 PHOOION.

106 2921 251 2986 Phocion
273 2920 481 2986 Atheniensis
505 2921 567 2985 etsi
591 2942 687 3003 saepe
710 2919 904 2984 exercitibus
931 2921 1059 3002 prae-1

23 3009 81 3074 fuit
103 3031 309 3093 summosque
333 3009 545 3093 magistratus
569 3009 669 3091 cepit,
691 3011 802 3072 tamen
825 3007 928 3070 multo
953 3007 1022 3070 eius

22 3099 127 3164 notior
154 3103 205 3162 est
230 3097 401 3182 integritas
429 3096 516 3160 vitae
544 3117 641 3179 quam
668 3096 716 3160 rei
743 3094 895 3158 militaris
920 3094 1021 3158 labor.

23 3184 127 3270 itaque
148 3185 245 3250 huius
269 3184 426 3249 memoria
448 3189 499 3248 est
520 3183 624 3267 nulla,
653 3183 742 3247 illius
770 3188 880 3246 autem
903 3202 1023 3265 magna

22 3273 118 3359 fama,
145 3295 184 3338 ex
211 3294 274 3356 quo
299 3272 489 3357 cognomine
512 3270 623 3335 Bonus
647 3276 698 3336 est
720 3270 912 3354 appellatus.
957 3267 1058 3330 suita

22 3363 103 3427 enim
130 3365 287 3445 perpetuo
314 3382 450 3444 pauper,
478 3381 551 3424 cum
578 3359 792 3423 divitissimus
816 3378 886 3422 esse
909 3356 1022 3438 posset

20 3455 151 3534 propter
168 3449 354 3532 frequentes
374 3447 498 3511 delatos
517 3447 656 3511 honores
675 3449 918 3530 potestatesque
937 3463 1021 3504 sum·

20 3559 100 3623 mas,
133 3559 215 3621 quae
242 3536 272 3601 ei
300 3558 320 3600 a
345 3535 466 3619 populo
494 3535 662 3598 dabantur.
712 3534 765 3597 hic
797 3552 870 3595 cum
898 3552 917 3592 a
944 3542 1056 3611 reges
