2324 4020
309 217 369 272 VII.
388 216 608 274 ALCIBIADES.
638 223 717 272 5-7.
983 219 1026 284 27

23 381 102 443 quae
129 365 244 444 captae
270 361 306 424 in
331 360 478 425 hostium
504 366 660 426 venerant
686 366 893 445 potestatem.
939 362 1062 430 Alci-6

23 448 131 513 biades
150 448 247 512 simul
260 469 334 514 cum
348 448 482 534 collegis
501 454 668 533 receperat
681 447 817 535 Ioniam,
835 450 1027 534 Hellespon-

10 526 99 620 ¹tom,
118 536 238 600 multas
256 540 424 621 praeterea
441 537 538 600 urbes
554 535 704 622 Graecas,
723 559 805 621 quae
819 539 854 603 in
868 561 925 602 ora
943 540 1026 603 sitae

26 627 97 688 sunt
114 623 299 708 Thraeciae,
316 644 454 705 quarum
472 629 698 709 expugnarant
716 627 909 710 complures„
926 617 1026 690 in'eis

10 708 224 794 ·Byzantium,
240 732 346 794 neque
364 711 471 775 minus
489 713 611 776 multas
631 713 767 777 consilio
787 715 828 777 ad
847 714 1026 779 amicitiam
1066 756 1070 763 -

29 798 240 883 adiunxerant,
259 798 345 883 quod
362 799 397 863 in
415 802 528 890 captos
541 800 721 886 ‚clementia
739 801 868 866 fuerant
886 801 946 866 usi.
977 801 1026 866 ita
1046 819 1061 867 τ

30 887 139 970 praeda
147 887 266 972 onusti,
278 884 642 971 locupletato'erercitu,
656 888 807 954 maximis
817 890 913 954 rebus
924 889 1026 974 gestis

31 972 167 1040 Athenas
188 979 355 1040 renenmt
474 1045 481 1056 ,

108 1061 170 1127 His
192 1083 267 1128 cum
290 1063 420 1148 obviam
442 1063 595 1128 universa
617 1064 733 1130 civitas
752 1065 787 1129 in
805 1065 957 1130 Piraeum
976 1065 1027 1130 de
1046 1067 1066 1131 6

19 1151 207 1234 scendisset,
229 1154 322 1216 tanta
343 1150 408 1215 fuit
430 1151 576 1215 omnium
599 1153 799 1235 exspectatio
823 1154 947 1218 visendi
971 1152 1027 1217 Al·
1081 1133 1161 1190 Μ’

22 1238 164 1324 ¹‚cibiadis,
181 1243 220 1303 ut
233 1238 274 1302 ad
288 1238 357 1303 eius
377 1238 544 1303 triremem
557 1240 674 1324 vulgus
689 1241 874 1324 conflueret,
892 1240 1027 1324 proinde
1112 1197 1161 1279 ω’

36 1345 64 1391 ec
82 1327 110 1392 si
131 1327 221 1392 solus
244 1326 436 1391 advenisset.
478 1326 525 1391 sie
547 1327 635 1392 enim
657 1328 778 1411 populo
803 1332 874 1392 erat
896 1347 1061 1410 persua-2

10 1407 107 1499 erm,
137 1418 171 1479 et
198 1414 348 1480 adversas
380 1414 563 1497 superiores
591 1418 625 1479 et
653 1419 842 1498 praesentes
870 1415 1048 1509 secundas}
1128 1431 1161 1489 a«

37 1518 76 1567 res
90 1502 244 1568 accidisse
263 1502 331 1566 eius
350 1523 457 1585 opera.
494 1500 605 1585 itaque
628 1508 662 1568 et
680 1505 843 1568 eraclium
860 1505 896 1568 ia
915 1501 1027 1568 Sicilia

10 1590 176 1678 ,amissum
203 1594 237 1655 et
262 1589 591 1654 Lacedaemoniorum
620 1591 776 1656 victorias
806 1591 920 1674 culpae
950 1612 1026 1656 suae

36 1782 122 1849 reque
144 1765 179 1832 id
202 1765 270 1830 sine
293 1786 392 1830 causa
414 1765 569 1830 arbitrari
592 1765 793 1831 videbantur.
837 1789 915 1831 nam
937 1769 1027 1850 post-

36 1866 118 1934 quam
139 1853 306 1937 exercitui
313 1873 466 1952 praeesse
489 1857 654 1937 coeperat,
681 1875 785 1938 neque
812 1858 1027 1936 terrenoque

10 1941 104 2007 umeri
119 1941 232 2008 hostes
250 1937 435 2025 pares⁷esse
453 1945 637 2024 potuerant.
666 1941 720 2006 hic
738 1947 776 2006 ut
794 1964 811 2006 e
829 1942 904 2005 navi
923 1961 1028 2026 egres·
1047 1961 1063 2008 a

10 2037 77 2096 isus
93 2033 154 2114 e'st,
172 2050 368 2113 quemquam
382 2028 598 2094 Theramenes
617 2033 651 2093 et
664 2028 887 2113 Thrasybulus
906 2028 1028 2092 eisdem

10 2104 118 2183 lubus
130 2117 339 2202 praefuerant
352 2116 514 2200 simulque
527 2121 683 2181 venerant
696 2117 731 2180 in
744 2116 904 2200 Piraeum,
918 2119 1026 2180 tamen

10 2188 121 2270 tonum
138 2226 251 2271 omnes
273 2205 367 2269 illum
388 2206 678 2289 prosequebantur,
705 2207 748 2289 et,
770 2205 803 2269 id
830 2204 916 2288 quod
938 2225 1029 2268 nurn-

10 2298 119 2395 §quam
141 2296 237 2358 antea
258 2315 320 2357 usu
342 2296 475 2357 venerat
492 2292 557 2356 nisi
575 2292 747 2376 Olympiae
765 2292 955 2375 victoribus,
978 2313 1029 2356 co-

10 2380 110 2447 sonis
121 2380 242 2446 laureis
256 2381 436 2464 taeniisque
450 2379 548 2466 vulgo
563 2381 753 2446 donabatur.
778 2381 833 2444 ille
853 2380 1028 2445 lacrimans

10 2462 121 2553 ,talen
142 2467 397 2534 benivolentiam
420 2466 539 2533 civium
562 2490 696 2533 suorum
719 2468 912 2552 accipiebat,
935 2467 1029 2531 remi·

10 2557 148 2623 'hiscens
174 2555 307 2641 pristini
334 2556 491 2640 temporis
521 2557 744 2621 acerbitatem
788 2559 965 2639 postquam
994 2557 1065 2621 iar

17 2648 95 2710 &stu
116 2643 389 2729 venit,'oontione
412 2643 569 2709 advocata
587 2644 634 2710 sic
651 2645 751 2709 rerba
768 2643 855 2726 iecit,
877 2647 915 2708 ut
932 2664 1029 2707 nemo

15 2727 90 2797 lam
116 2731 204 2798 ferus
230 2731 343 2816 fuerit,
371 2732 449 2817 quin
476 2732 545 2797 eius
573 2731 662 2797 casui
693 2731 898 2796 illacrimarit
924 2730 1030 2795 inimi-

14 2819 222 2905 cumqne'iis
245 2841 280 2886 se
303 2819 491 2904 ostenderit,
514 2841 653 2904 quorum
673 2841 772 2903 opere
789 2819 897 2903 patria
915 2819 1029 2902 pulsus
1043 2800 1155 2903 ,¹42ss

12 2900 137 2991 fuerat,
158 2906 292 2992 proinde
315 2929 353 2974 ao
374 2908 405 2972 si
427 2907 511 2972 alius
534 2908 690 2992 populus,
712 2928 779 2973 non
801 2907 856 2971 ille
880 2907 949 2989 ipse
973 2907 1030 2989 qui
1140 2907 1144 2916 '

13 2990 91 3061 turn
113 2994 229 3082 flebat,
251 3017 327 3062 eum
348 2995 511 3082 sacrilegii
534 2995 727 3060 damnasset.
772 2994 927 3059 restituta
951 3011 1064 3080 ergoo

10 3071 97 3150 huie
127 3087 206 3149 sunt
235 3084 366 3169 publice
396 3085 497 3168 bona,
533 3083 700 3166 eidemque
731 3082 781 3146 illi
813 3082 1029 3165 Eumolpidae
1084 3079 1161 3150 papa

10 3170 205 3238 tccerdetes
228 3194 339 3237 rursus
361 3193 526 3237 resacrare
549 3175 626 3235 sunt
650 3171 769 3253 coacti,
796 3170 853 3253 qui
881 3191 955 3234 eum
978 3169 1030 3232 de·

10 3263 186 3343 voverant,
198 3259 348 3344 pilaeque
361 3260 456 3343 illae}
460 3259 496 3322 in
509 3259 627 3342 quibus
637 3258 766 3323 devotio
780 3257 888 3322 fuerat
898 3257 1030 3340 scripta,
1075 3278 1078 3282 ·

10 3338 51 3413 ln
73 3366 167 3412 mere
189 3348 431 3431 praecipitatae.
656 3397 658 3400 .

106 3432 199 3500 Haec
221 3434 384 3500 Alcibiadi
409 3434 538 3498 laetitia
564 3455 629 3499 non
656 3433 754 3498 nimis
781 3433 845 3498 fuit
867 3432 1067 3495 diuturna?
1108 3444 1154 3473 f

10 3534 95 3589 ham
117 3542 195 3588 cunr
216 3522 247 3585 ei
265 3543 377 3588 omnes
396 3526 505 3587 essent
522 3522 663 3587 honores
681 3521 803 3586 decreti
821 3522 956 3602 totaque
977 3516 1057 3583 real

927 3630 971 3746 lx

963 3746 975 3783 l
1090 3774 1095 3782 .

939 3821 957 3891 q,
968 3803 1046 3878 »Q
1084 3781 1154 3857 v—l‘

10 1676 221 1909 31ή1ηιοὶηηὲ,
251 1677 336 1761 quod
363 1678 464 1758 talem
491 1677 597 1742 virum
620 1699 637 1742 e
661 1679 793 1744 civitate
817 1675 1028 1762 expulissent.
