2324 4020
141 208 185 272 20
503 207 536 262 V.
558 205 681 261 CIMON.
709 210 787 260 2-4,

141 349 750 503 lllturhpuesruhu
781 369 884 501 uss
911 349 1031 502 uu
1058 349 1145 522 ur

140 532 227 590 rotor
253 527 339 610 apud
360 525 511 609 Mycalen
533 524 729 608 Cypriorum
751 528 785 588 et
807 524 1007 590 Phoenicum
1035 525 1140 592 (lucen

106 619 249 680 starum
275 614 407 678 navium
435 615 571 678 classem
598 612 759 676 devictam
787 612 874 695 cepit
897 613 1075 697 eodemque
1098 614 1143 679 die

140 702 213 786 pari
234 701 368 765 fortuna
389 701 424 764 in
446 704 534 764 terra
555 721 634 764 usus
658 703 716 764 est.
761 719 900 782 namque
925 700 1073 766 hostium
1095 722 1143 767 nu·

140 790 235 854 vibus
259 788 363 872 captis
386 788 500 852 statim
523 788 687 852 exulasse
710 787 820 870 copias
844 808 919 851 suas
942 789 1055 852 eduxit
1077 789 1141 854 bar

140 877 358 958 barorumque
390 876 565 939 maximam
587 876 655 939 vim
677 897 741 939 uno
770 896 929 940 concursu
959 874 1140 959 prostravit

104 969 206 1047 4qua
232 963 370 1028 victoria
397 985 516 1049 magna
541 963 661 1046 praeda
687 963 813 1046 potitus
842 985 916 1027 cum
943 963 1076 1029 domum
1101 986 1141 1030 re·

133 1055 334 1134 verteretur,
363 1051 538 1134 quodiam
559 1051 734 1114 nonnullae
757 1050 881 1114 insulae
904 1055 1040 1135 propter
1063 1073 1139 1117 acer·

139 1139 279 1203 bitatem
296 1139 424 1223 imperii
443 1139 635 1221 defecerant,
653 1139 734 1202 bene
753 1139 913 1202 animatas
934 1139 1138 1231 confirmavit,
1160 1176 1162 1225 5

105 1227 298 1291 ballenstas
321 1227 361 1291 ad
385 1227 529 1291 officium
547 1225 651 1290 redire
671 1225 786 1311 coegit.
822 1224 968 1310 Scyrum,
990 1248 1090 1310 quem
1106 1247 1136 1293 eo
1158 1230 1162 1312 l

140 1318 286 1399 tempore
300 1314 443 1398 Dolopes
462 1315 658 1397 incolebant,
676 1314 763 1397 quod
782 1314 1004 1378 contumacius
1024 1337 1058 1379 se
1078 1336 1136 1401 ges·
1155 1319 1162 1401 l

140 1406 263 1486 serant,
285 1402 477 1485 vacuefecit,
498 1421 703 1484 possessores
726 1405 850 1465 veteres
872 1402 953 1465 urbe
975 1402 1162 1488 insulaque!

141 1490 244 1573 eiecit,
267 1511 364 1574 agros
388 1489 512 1553 civibus
536 1488 655 1553 divisit.
692 1488 829 1553 'l'hcsios
853 1489 1020 1573 opulentia
1042 1489 1091 1554 fre
1111 1497 1162 1568 rit

141 1599 199 1641 suo
223 1577 364 1641 adventu
386 1576 494 1661 fregit.
529 1575 582 1640 his
605 1598 644 1639 ex
667 1577 828 1641 manubiis
852 1599 910 1641 arx
932 1576 1064 1642 Athena
1088 1606 1120 1635 nc
1151 1569 1162 1651 ᾗ

141 1686 204 1748 qua
227 1664 268 1729 ad
290 1664 458 1728 meridiem
480 1664 597 1749 vergit,
619 1667 671 1727 est
693 1669 816 1728 ornata.
1150 1673 1162 1737 Ι

104 1744 125 1810 3
228 1751 354 1828 Quibus
381 1753 478 1817 rebus
507 1773 580 1816 cum
607 1773 691 1816 unus
714 1752 749 1815 in
771 1752 904 1817 civitate
927 1754 1067 1818 maxime
1088 1754 1130 1818 fio

138 1844 238 1924 reret,
269 1840 384 1905 incidit
414 1840 450 1903 in
477 1839 610 1904 eandem
638 1840 794 1904 invidiam
817 1839 915 1922 quam
943 1846 1038 1924 pater
1068 1860 1129 1906 suus

139 1929 301 2012 ceterique
324 1928 575 1993 Atheniensium
596 1927 772 2011 principes:
799 1950 875 1991 nam
898 1933 1059 1993 testarum
1080 1926 1131 1994 suf·

137 2017 252 2101 fragiis
277 2017 377 2099 [quod
399 2016 450 2079 illi
473 2015 677 2095 ὀετρακιεμόν
697 2019 828 2096 vocant]
853 2016 964 2081 decem
986 2036 1130 2082 annorum

103 2104 235 2167 2exili0
260 2104 419 2168 multatus
443 2107 502 2167 est.
547 2103 638 2168 cuius
666 2102 745 2166 facti
769 2103 904 2167 celerius
927 2103 1130 2170 Athenienses

139 2212 237 2274 quam
258 2191 367 2273 ipsum
389 2191 560 2274 paenituit.
595 2213 672 2254 nam
691 2213 764 2255 cum
786 2191 842 2255 ille
866 2191 973 2257 animo
996 2191 1077 2257 forti
1097 2192 1133 2256 in·
1160 2273 1162 2277 y

137 2278 243 2342 vidiae
275 2278 479 2363 ingratorum
507 2277 625 2342 civium
653 2279 804 2342 cessisset
835 2279 1021 2362 bellumque
1048 2280 1162 2357 Laus-t

139 2365 300 2430 daemonii
327 2365 583 2430 Atheniensibus
612 2365 818 2450 indixissent,
848 2366 1021 2431 confestim
1046 2390 1090 2434 no
1110 2362 1162 2435 ‘nl

102 2454 206 2517 seius
229 2453 362 2518 virtutis
385 2453 578 2517 desiderium
602 2458 811 2518 consecutum
833 2458 892 2519 cst.
933 2455 1044 2539 itaque
1068 2479 1122 2540 pc
1154 2441 1162 2553 l

137 2563 257 2606 annum
281 2543 445 2626 quintum,
467 2562 566 2624 quam
589 2541 742 2624 expulsus
765 2546 849 2625 erat,
876 2542 911 2606 in
933 2543 1076 2626 patriam
1097 2554 1162 2625 ret

136 2634 271 2694 vocatus
304 2633 363 2694 est.
410 2629 484 2712 ille,
520 2629 607 2712 quod
637 2629 782 2712 hospitio
815 2624 1162 2709 Lacedaemoniorum!

135 2717 300 2800 utebatur,
324 2716 427 2780 satius
445 2716 636 2781 existimans
656 2716 805 2782 &uenae
821 2719 957 2782 ciuitates
974 2719 1011 2783 de
1050 2748 1058 2777 e
1093 2750 1100 2772 t
1114 2714 1162 2784 >l

135 2806 243 2869 cauis
264 2806 331 2868 suis
352 2805 432 2868 inter
455 2824 486 2869 se
506 2805 575 2868 iure
597 2805 763 2885 disceptare
784 2825 878 2886 quam
896 2806 996 2870 armis
1012 2828 1077 2872 con
1153 2814 1162 2888 Ι

137 2893 220 2976 dere,
242 2890 517 2956 Lacedaemonem
540 2912 599 2955 sua
622 2895 738 2975 sponte
761 2896 812 2955 est
834 2893 999 2976 profectus
1018 2917 1117 2978 pacm
1153 2896 1162 2962 t

100 2989 119 3038 4
137 3001 199 3062 que
217 2979 303 3043 inter
323 2978 402 3042 duas
416 2979 661 3062 potentissimas
677 2979 826 3043 civitates
841 2981 1035 3045 conciliavit.
1060 3007 1110 3066 pc
1154 2976 1162 3048 l

135 3088 239 3149 neque
266 3067 314 3131 ita
341 3067 460 3151 multo,
491 3065 635 3150 Cyprum
658 3089 731 3131 cum
754 3067 901 3132 ducentis
923 3068 1064 3134 navibus
1089 3070 1128 3123 'a
1156 3062 1159 3072 ’

135 3159 267 3238 perator
298 3155 430 3239 missus,
462 3176 536 3219 cum
569 3154 637 3218 eius
669 3155 826 3219 maiorem
858 3159 986 3239 partem
1017 3157 1136 3227 insule!

136 3242 316 3326 devicisset,
333 3243 368 3307 in
386 3243 537 3306 morbum
554 3242 733 3326 implicitus
753 3242 787 3307 in
806 3245 1008 3327 oppupnuado
1022 3241 1131 3330 oppidt
1153 3251 1162 3317 t

137 3329 222 3394 Citio
246 3335 297 3393 est
320 3335 478 3394 mortuus.
1127 3334 1162 3421 ,t

99 3411 122 3476 4
223 3416 318 3481 Hunc
336 3418 553 3481 Athenienses
571 3439 638 3482 non
661 3418 767 3483 solum
790 3419 825 3483 in
846 3419 943 3503 bello,
966 3419 1023 3483 sed
1045 3421 1100 3486 eti
1115 3412 1162 3492 l

135 3503 170 3567 in
186 3526 265 3587 pace
279 3505 335 3568 diu
349 3505 619 3569 desideraverunt.
650 3505 714 3569 fuit
729 3506 815 3570 enim
828 3510 923 3570 tanta
934 3505 1091 3574 liberalit
1155 3516 1162 3594 l
