2324 4020
138 216 200 281 102
457 214 543 271 XXV.
561 213 723 271 armeus.
750 220 776 270 4.
795 217 820 270 t.

135 364 224 426 mata
246 361 479 444 pronuntiabat
501 364 535 425 et
558 358 737 425 Graecast
759 358 875 423 Latine
900 359 956 444 sic,
979 363 1019 424 ut
1042 380 1136 444 supra

100 449 218 514 anihil
239 452 351 534 posset
374 449 456 513 addi.
502 448 619 532 quibus
643 448 739 512 rebus
765 446 890 512 factum
913 451 965 512 est
986 451 1026 512 ut
1050 445 1134 513 Sulla

135 558 296 621 nusquam
317 557 385 602 cum
409 537 449 601 ab
474 558 507 601 se
531 536 711 601 dimitteret
734 539 929 619 cuperetque
954 557 1066 602 secum
1087 535 1132 600 dc

136 626 260 691 ducere.
305 624 357 690 cui
379 647 453 690 cum
474 625 667 708 persuadere
694 627 850 708 tentaret,
877 622 971 708 ‘noli,
999 645 1058 689 oro
1083 621 1129 708 te,'

136 714 243 797 inquit
256 711 455 797 Pomponius
474 712 656 778 ‘adversum
674 733 729 777 eoa
748 734 799 776 me
817 711 900 777 velle
917 712 1044 796 ducere,
1065 732 1128 777 cum

137 803 253 885 quibus
275 823 316 865 ne
340 804 453 866 contra
471 805 504 865 te
523 823 613 865 arma
630 800 757 884 ferrem,
779 799 911 864 Italiam
929 799 1066 884 reliqui?
1097 802 1125 864 at

137 887 228 954 Sulla
251 889 465 955 adulescentis
490 889 597 954 officio
617 889 800 954 collaudato
822 887 930 953 omnia
948 909 1080 953 munera
1094 886 1123 971 ai,

137 999 219 1060 quae
241 976 380 1041 Athenis
404 981 580 1061 acceperat,
602 976 809 1061 proficiscens
832 975 930 1041 iussit
953 975 1078 1042 deferri.
1132 1028 1138 1043 .
1161 1023 1162 1030 .

101 1082 117 1130 a
224 1064 288 1130 Hic
311 1066 491 1150 complures
515 1086 615 1129 annos
639 1069 797 1148 moratus,
825 1085 898 1129 oum
921 1067 956 1130 et
978 1065 1026 1130 rei
1047 1062 1121 1128 fani·
1158 1096 1162 1123 t

136 1153 209 1216 liari
236 1157 364 1218 tantum
392 1174 507 1237 operae
541 1154 646 1237 daret,
678 1158 835 1236 quantum
865 1174 933 1217 non
964 1152 1119 1238 indiligens

137 1241 268 1306 deberet
290 1245 383 1326 pater
405 1241 555 1324 familias,
578 1246 612 1305 et
634 1241 744 1305 omnia
765 1240 890 1324 reliqua
912 1245 1060 1326 tempora
1076 1241 1119 1304 ant
1154 1212 1162 1298 i

136 1330 256 1394 litteris
275 1333 332 1394 aut
345 1328 593 1394 Atheniensium
611 1329 659 1393 rei
676 1329 824 1413 publicae
845 1328 1013 1414 tribueret,
1033 1325 1117 1393 nihilo
1153 1358 1162 1388 i

101 1418 243 1482 eminus
275 1417 387 1482 amieis
419 1419 543 1482 urbana
575 1416 683 1482 officia
713 1416 889 1502 praestitit.
933 1438 1012 1482 nam
1037 1411 1117 1482 etcd
1152 1455 1162 1535 q

137 1505 408 1569 comitiacorum
434 1505 608 1570 ventitavit
635 1509 681 1590 et,
712 1506 740 1570 si
769 1527 832 1590 qua
858 1527 910 1570 res
938 1506 1041 1572 maior
1062 1506 1118 1569 acta
1153 1537 1162 1561 a

136 1596 196 1675 est,
216 1613 283 1657 non
305 1591 417 1657 defirit.
456 1593 541 1657 sicut
563 1592 712 1659 Ciceroni
734 1594 769 1658 in
791 1593 942 1658 omnibus
965 1595 1033 1659 eius
1053 1589 1116 1678 peri·
1157 1624 1162 1650 ω

136 1680 217 1745 culis
236 1681 434 1766 singularem
452 1681 549 1746 fidem
567 1682 731 1766 praebuit:
755 1681 806 1746 cui
820 1703 859 1746 ex
876 1681 984 1765 patria
999 1676 1116 1767 firgienti
1152 1721 1156 1731 .

136 1769 323 1833 sestertium
359 1769 498 1835 ducenta
529 1773 562 1834 et
599 1769 835 1855 quinquaginta
870 1769 962 1835 milia
996 1765 1116 1835 donauit
1159 1802 1161 1822 .

101 1875 117 1923 o
137 1857 357 1941 tranquillatis
376 1862 485 1923 autem
503 1859 600 1923 rebus
614 1857 770 1922 Romanis
787 1858 977 1943 remigravit
990 1857 1115 1936 Roman

135 1951 173 2011 ut
204 1946 319 2029 opinor
346 1944 382 2010 L.
410 1945 510 2012 Cotta
540 1945 577 2010 L.
603 1945 770 2029 Torquato
802 1946 1007 2011 consulibus:
1040 1961 1116 2029 quen

136 2034 353 2099 discedentem
377 2035 423 2099 sic
446 2035 597 2099 universa
619 2034 733 2098 ciuitas
756 2033 1006 2099 Atheniensium
1029 2049 1116 2118 proco
1153 2062 1162 2144 q

137 2125 212 2187 outa
226 2125 285 2205 est,
307 2125 344 2186 ut
362 2122 504 2187 lacrimis
524 2122 674 2187 desiderii
691 2122 795 2188 futuri
814 2122 958 2187 dolorem
972 2119 1116 2187 indicaret
1153 2152 1162 2232 ,f

101 2211 123 2276 5
223 2207 376 2272 Habebat
404 2211 598 2275 avunculum
625 2209 875 2294 obseouium,
905 2211 1047 2294 equitem
1069 2205 1116 2272 Rc
1153 2238 1162 2325 q

136 2318 281 2381 manum,
312 2296 506 2361 familiarem
535 2297 571 2362 L.
594 2297 736 2382 Luculli,
768 2297 915 2383 divitem,
946 2295 1116 2364 difficillima
1153 2319 1156 2347 τ

135 2390 265 2450 natura:
298 2385 388 2450 cuius
412 2386 458 2450 sie
487 2387 697 2470 asperitatem
724 2387 846 2451 veritus
873 2389 938 2470 est,
963 2390 1015 2471 ut,
1041 2401 1116 2470 quen
1157 2384 1160 2393 ’

135 2496 229 2540 nemo
252 2474 335 2539 ferre
358 2478 480 2558 posset,
501 2475 598 2539 huius
622 2475 691 2540 sine
715 2474 891 2541 offensione
914 2474 956 2540 ad
978 2489 1116 2540 summan
1161 2516 1162 2524 .

137 2567 335 2629 senectutem
358 2561 528 2628 retinuerit
557 2563 818 2628 benivolentiam.
863 2583 927 2646 quo
950 2561 1037 2628 facto
1058 2556 1116 2625 ulit
1160 2590 1162 2596 ¹

101 2652 268 2735 apietatis
291 2650 441 2715 fructum.
487 2649 645 2716 Caecilius
669 2651 755 2716 enim
777 2651 917 2715 moriens
940 2648 1116 2716 testamento
1157 2682 1160 2696 .

137 2739 303 2823 adoptavit
326 2761 399 2802 eum
421 2739 634 2822 heredemque
657 2738 736 2804 fecit
758 2761 797 2804 ex
820 2739 990 2804 dodrante:
1012 2759 1051 2804 cx
1069 2750 1116 2819 qna
1152 2758 1154 2765 ·

101 2827 314 2893 ahereditate
347 2827 472 2910 accepit
499 2827 629 2892 circiter
656 2827 799 2892 centiens
827 2827 1022 2892 sestertium.
1064 2821 1117 2888 orat

135 2919 238 2998 nupta
260 2935 353 2978 soror
374 2912 481 2979 Attici
504 2914 541 2990 Q.
559 2914 666 2979 Tullio
686 2914 844 2998 Ciceroni,
866 2935 985 2999 easque
1006 2910 1117 2999 nuptias

135 3001 178 3067 M.
202 3002 315 3069 Cicero
343 3002 545 3086 conciliarat,
573 3025 646 3067 cum
673 3024 737 3087 quo
765 3025 785 3067 a
812 3003 1068 3087 condiscipulatu
1085 2996 1118 3062 vi·

135 3091 232 3155 vebat
260 3090 535 3174 coniunctissime,
562 3092 666 3155 multo
694 3091 794 3156 etiam
820 3090 1013 3156 familiarius
1040 3105 1120 3174 quan

136 3201 209 3244 cum
226 3178 357 3260 Quinto,
379 3181 417 3242 ut
440 3177 575 3242 iudicari
597 3179 702 3262 possit
724 3180 798 3263 plus
816 3179 851 3242 in
870 3179 1014 3244 amicitia
1031 3177 1120 3244 valera

99 3288 117 3331 4
136 3267 381 3332 similitudinem
394 3286 522 3329 morum
537 3287 634 3349 quam
644 3266 846 3331 affinitatem.
863 3268 1021 3333 utebatur
1029 3269 1122 3334 auten

135 3357 249 3421 intime
272 3353 309 3429 Q.
332 3352 523 3437 Hortensio,
553 3355 608 3437 qui
631 3355 671 3418 iis
695 3355 896 3439 temporibus
918 3355 1123 3441 principatum

136 3442 337 3528 eloquentiae
361 3442 502 3525 tenebat,
525 3446 562 3506 ut
579 3443 726 3528 intellegi
743 3465 810 3508 non
826 3446 948 3528 posset,
970 3448 1045 3510 uter
1063 3460 1125 3510 eun

135 3533 207 3616 plus
231 3529 390 3616 diligeret,
412 3529 526 3596 Cicero
550 3551 591 3594 an
608 3529 817 3596 Hortensius:
841 3535 883 3616 et,
905 3531 939 3595 id
958 3533 1046 3616 quod
1067 3531 1127 3597 erat
