2324 4020
125 215 169 280 54
434 212 507 268 xiv.
526 212 706 268 sisausa.
726 218 822 268 s-ro.

125 360 271 424 locorum
299 358 461 445 angustiis
489 357 674 441 clausisset,
706 357 794 440 quod
824 357 931 441 perito
964 356 1132 442 regionum

90 447 304 531 ocallideque
333 448 492 532 cogitanti
523 468 618 530 saepe
649 446 829 530 accidebat,
858 444 1132 528 Autophrodates,

126 556 199 600 cum
226 535 349 600 bellum
376 536 449 601 duci
477 535 598 600 maiore
626 535 713 620 regis
741 533 927 599 calamitate
955 553 1058 617 quam
1083 533 1131 597 arl-

126 625 344 689 versariorum
375 624 516 706 videret,
547 644 661 707 pacem
693 621 936 705 amicitiamque
964 623 1130 703 pristinam

125 733 301 778 memoratas
323 733 391 776 eam
412 711 565 776 hortatus
589 715 655 794 est,
678 715 716 775 ut
739 732 813 776 cum
835 730 911 796 rege
934 710 969 773 in
992 709 1129 795 gratiam

90 814 106 861 a
125 801 253 865 rediret.
291 822 388 883 quam
407 799 462 864 ille
482 800 544 864 etsi
562 800 661 863 fidam
679 821 745 863 non
763 798 833 863 fore
850 798 998 882 putabat,
1024 801 1128 862 tamen

72 929 74 932 >
125 889 349 954 condicionem
367 888 492 972 accepit
511 909 609 971 seque
629 887 671 952 ad
684 886 899 952 Artaxerxem
915 885 1127 973 legatosmis·

126 998 237 1041 surum
256 976 347 1040 dixit.
384 976 431 1041 sic
453 976 585 1060 bellum,
608 975 695 1059 quod
716 997 774 1040 rex
796 975 948 1039 adversus
971 972 1126 1038 Datamen

125 1068 320 1148 susceperat,
344 1064 492 1130 sedatum
515 1067 574 1128 est.
609 1062 875 1148 Autophrodates
897 1063 933 1126 in
954 1061 1126 1147 Phrygiam

125 1174 254 1219 sorece
278 1154 313 1217 it.

7 1286 16 1313 ,
91 1238 111 1301 9
214 1177 339 1325 Atprex,
359 1241 445 1325 quod
459 1239 665 1326 implacabile
681 1240 791 1304 odium
804 1237 1016 1305 inDatamen
1030 1259 1125 1303 susce

125 1333 227 1413 perat,
245 1334 420 1413 postquam
439 1328 526 1394 bello
546 1350 619 1394 cum
638 1328 779 1412 opprimi
796 1349 864 1392 non
880 1348 978 1412 posse
991 1325 1126 1392 animad-

38 1429 41 1436 '
126 1418 234 1500 vertit,
256 1417 384 1482 insidiis
407 1417 589 1482 interficere
613 1415 755 1480 studuit:
779 1437 860 1499 quas
882 1415 938 1480 ille
961 1413 1126 1499 plerasque

91 1504 271 1569 actitavit.
308 1505 402 1589 sicut,
425 1527 498 1570 cum
518 1504 548 1569 ei
570 1504 757 1569 nuntiatum
780 1507 867 1569 esset
889 1503 1049 1586 quosdam
1071 1502 1125 1567 sibi

126 1592 286 1675 insidiari,
315 1593 371 1676 qui
397 1594 433 1656 in
456 1593 634 1658 amicorum
656 1597 749 1657 erant
771 1613 905 1657 numero
930 1588 983 1677 (de
1007 1590 1125 1675 quibos,

127 1680 213 1764 quod
253 1679 377 1746 inimici
413 1681 613 1764 detulerant,
656 1703 760 1765 neque
801 1679 994 1746 credendum
1030 1699 1124 1764 nequa

125 1769 362 1855 neglegendum
379 1767 532 1856 putavit),
555 1768 694 1853 experiri
711 1768 825 1853 voluit,
843 1790 955 1833 verum
973 1767 1124 1833 falsumne

91 1857 191 1922 asibi
218 1861 305 1922 esset
332 1858 480 1923 relatum.
525 1858 637 1941 itaque
660 1878 698 1922 eo
721 1856 886 1941 profectus
914 1859 978 1938 est,
1007 1857 1044 1921 in
1069 1875 1123 1940 qao

125 1946 242 2011 itinere
268 1946 395 2010 futuras
423 1946 557 2011 insidias
585 1945 763 2010 dixerant.¹
787 1944 844 2010 sed
870 1944 971 2030 elegit
998 1964 1123 2028 corpore

127 2057 164 2099 ac
187 2038 314 2099 statura
337 2034 539 2099 simillimum
562 2033 613 2098 sui
636 2034 728 2117 eique
751 2033 907 2098 vestitum
929 2053 1026 2097 suum
1046 2031 1143 2098 dedit

127 2126 225 2205 atque
253 2143 291 2187 eo
318 2122 391 2186 loco
417 2123 479 2204 ire,
512 2143 575 2206 quo
603 2122 673 2205 ipse
702 2124 886 2204 consuerat,
917 2121 1029 2206 iussit3
1063 2122 1123 2204 ipse
1159 2149 1162 2158 2

127 2214 237 2273 autem
260 2213 377 2274 ornatu
399 2211 585 2292 vestituque
607 2209 744 2274 militari
762 2211 849 2275 inter
867 2209 1014 2294 corporis
1030 2212 1140 2275 custo.

90 2297 182 2362 sdes
206 2297 269 2361 iter
296 2295 402 2362 facere
425 2297 541 2382 coepit.
587 2301 623 2362 at
648 2298 869 2380 insidiatores,
896 2296 1123 2381 postquamirr
1160 2329 1162 2334 ·

127 2407 200 2451 eum
223 2405 311 2467 qaam
342 2386 517 2450 incedam
542 2385 651 2450 locum
674 2407 791 2471 agmen
813 2385 975 2470 pervenit,
1007 2381 1123 2468 decepti
1158 2413 1162 2486 ,

126 2475 237 2538 ordine
256 2477 355 2558 atque
374 2474 495 2538 vestitu
516 2474 675 2558 impetum
693 2475 728 2538 in
742 2496 816 2539 eum
829 2472 963 2557 faciunt,
986 2473 1044 2558 qui
1061 2493 1123 2556 sup
1158 2505 1162 2574 Ι

124 2563 251 2647 positus
280 2566 358 2628 erat.
403 2562 610 2647 praedixerat
642 2566 752 2628 autem
783 2562 824 2626 iis
856 2561 1029 2646 Datames,
1060 2580 1123 2627 cum
1158 2591 1162 2657 q

126 2651 243 2734 quibus
271 2652 334 2714 iter
361 2650 515 2735 faciebat,
547 2656 585 2715 ut
616 2651 724 2735 parati
755 2654 865 2715 essent
894 2646 1016 2733 facere,
1048 2645 1123 2734 quod
1160 2669 1162 2682 ¹

90 2754 106 2802 5
125 2739 233 2821 ipsum
247 2738 412 2802 vidissent.
448 2739 527 2823 ipse,
545 2743 583 2803 ut
597 2742 823 2805 concurrentes
842 2737 1050 2804 insidiatores
1068 2735 1124 2802 ani·

125 2847 215 2890 mum
243 2826 396 2909 advertit,
424 2828 490 2890 tela
517 2828 552 2891 in
578 2849 634 2892 eos
662 2827 809 2893 coniecit.
854 2825 916 2891 hoc
946 2824 1033 2890 idem
1060 2843 1123 2890 cum
1159 2871 1162 2927 Ι

125 2914 267 2988 universi
281 2913 445 2997 fecissent,
462 2915 652 2999 priusquam
665 2915 871 2999 pervenirent
884 2913 925 2978 ad
944 2934 1019 2978 eum
1038 2931 1123 2998 quem

126 3001 259 3088 aggredi
282 3002 445 3084 volebant,
469 3003 586 3067 confixi
610 3003 827 3068 conciderunt.
1161 3032 1162 3035 ¹

75 3090 116 3154 10
213 3088 277 3154 Hic
309 3093 420 3153 tamen
452 3093 521 3153 tam
552 3091 688 3156 callidus
722 3091 773 3154 vir
804 3094 950 3154 extremo
985 3093 1124 3173 tempora
1160 3118 1162 3123 >

126 3180 240 3261 captus
264 3180 315 3241 est
337 3175 549 3260 Mithridatis,
571 3177 802 3244 Ariobarzanis
825 3178 895 3260 filii,
918 3177 1003 3242 dolo.
1046 3196 1125 3243 nam·

126 3286 187 3348 que
214 3266 242 3330 is
274 3264 442 3348 pollicitus
470 3271 521 3329 est
548 3267 617 3352 regi
644 3289 678 3332 se
706 3288 780 3331 eum
812 3264 1074 3349 interfecturum,
1101 3261 1125 3328 si
1160 3276 1162 3294 '

124 3374 181 3416 rex
203 3353 417 3437 permitteret,
441 3356 478 3416 ut
502 3354 724 3438 quodcumque
745 3354 844 3418 vellet
866 3353 980 3417 liceret
1003 3354 1125 3438 impune

124 3439 243 3527 facere,
270 3440 430 3524 fidemque
459 3440 497 3504 de
520 3463 559 3505 ea
581 3464 615 3507 re
639 3463 728 3507 more
751 3441 923 3506 Persarum
947 3441 1062 3506 dextra
1082 3440 1125 3504 de

89 3542 104 3590 2
124 3527 234 3592 disset.
278 3528 363 3593 hanc
386 3532 423 3594 ut
446 3529 571 3615 accepit
594 3552 614 3595 a
636 3550 711 3616 rege
734 3530 882 3614 missam,
905 3529 1017 3614 copias
1039 3529 1127 3615 parat
