2324 4020
141 188 184 252 26
444 187 504 241 Vll.
523 185 747 242 ALCIBIADES.
775 191 800 240 4.
819 190 844 242 5.

67 338 84 405 ,ι’
100 349 119 398 a
137 333 193 416 ibi,
211 335 249 397 ut
262 332 332 416 ipse
346 331 532 414 praedicare
546 335 728 414 consuerat,
745 351 812 395 non
826 331 979 396 adversus
992 332 1141 415 patriam,

75 415 79 468 f
138 420 194 485 sed
222 419 372 484 inimicos
403 441 478 483 suos
508 419 632 486 bellum
661 418 777 504 gessit,
809 419 866 501 qui
898 418 1002 483 eidem
1033 420 1140 485 hostes

138 512 247 572 essent
275 507 415 572 civitati:
446 529 523 571 nam
551 528 624 570 cum
650 506 877 591 intellegerem
905 528 939 572 se
967 507 1141 591 plurinium

106 596 291 687 lprodesse
318 616 415 678 posse
442 595 489 659 rei
516 594 678 678 publicae,
711 616 750 658 ex
777 615 816 658 ea
843 594 975 659 eiecisse
1007 596 1160 680 plusque·

102 684 205 754 rirae
234 704 310 748 suae
339 704 437 764 quam
468 681 606 745 utilitati
638 681 802 746 communi
832 683 988 765 paruisse.
1034 684 1141 768 itaque

137 771 234 835 huius
253 770 389 835 oonsilio
403 768 651 834 Lacedaemonii
670 791 743 834 cum
757 768 855 834 Perse
873 791 949 856 rege
966 771 1141 837 amicitiam

137 859 297 941 fecerunt,
324 857 398 921 dein
420 856 593 921 Deceleam
619 857 654 921 in
676 856 790 922 Attica
812 858 1000 922 munierunt
1027 858 1148 944 praeci.

138 946 255 1028 diuque
284 944 331 1008 ibi
358 949 515 1028 perpetuo
542 945 665 1033 posito)
679 945 715 1009 in
738 945 905 1009 obsidione
928 945 1079 1012 Athenas
1101 951 1140 1012 te·

136 1037 286 1098 nuerrmt.
319 1032 461 1096 eiusdem
485 1054 583 1115 opera
600 1031 727 1097 Ioniam
746 1055 765 1096 a
783 1033 939 1098 societate
958 1037 1139 1100 averterunt

138 1121 395 1186 Atheniensium.
432 1141 496 1204 quo
519 1120 607 1185 facto
631 1120 735 1184 multo
760 1121 941 1204 superiores
964 1121 1052 1187 bello
1075 1142 1138 1189 esra

121 1231 196 1275 *coe
221 1212 324 1272 erunt.
1135 1242 1139 1251 .

51 1297 123 1363 ·5
197 1231 341 1380 PNeque
364 1318 440 1361 vero
467 1296 520 1360 his
549 1297 647 1360 rebus
670 1300 740 1360 tam
763 1297 859 1361 amici
881 1295 1047 1362 Alcibiadi
1070 1301 1151 1379 suni¹

12 1405 82 1496 „p
138 1385 219 1450 facti
242 1405 340 1467 quam
362 1384 480 1448 timore
503 1383 545 1447 ab
569 1405 606 1447 eo
631 1384 772 1448 alienati.
808 1405 885 1449 nam
903 1406 977 1449 eum
996 1407 1053 1450 aee
1108 1414 1147 1474 ῃ

12 1502 60 1546 aar
138 1473 201 1535 viri
223 1475 445 1554 praestantem
466 1471 672 1554 prudentiam
690 1472 725 1534 in
744 1472 895 1536 omnibus
913 1473 1011 1537 rebus
1030 1494 1104 1552 0021
1119 1506 1129 1527 1·

48 1596 52 1615 ι
140 1563 280 1643 suerent,
311 1559 549 1641 pertimuerunt
570 1580 611 1621 ne
634 1559 770 1623 caritate
792 1556 1063 1643 patriae'duotus
1097 1590 1134 1624 21,

140 1639 268 1732 quando
297 1646 338 1710 ab
366 1645 446 1730 ipsis
474 1646 667 1710 descisceret
694 1650 728 1710 et
755 1669 829 1711 eum
856 1647 924 1711 suis
947 1647 982 1712 in
1005 1669 1065 1734 gra
1083 1648 1122 1705 ἰι

73 1778 84 1786 -
139 1735 267 1799 rediret.
304 1734 414 1817 itaque
437 1737 567 1816 tempus
591 1734 659 1798 eius
682 1734 900 1799 interficiundi
924 1757 1080 1819 quaerere
1102 1736 1120 1789 ἰ

103 1823 327 1890 astituerunt.
371 1821 405 1885 id
432 1820 617 1886 Alcibiades
648 1822 776 1887 diutius
798 1823 896 1886 celari
926 1830 994 1888 non
1024 1823 1115 1908 potui

20 1968 26 1979 .
140 1915 210 1975 erat
233 1911 319 1975 enim
342 1932 381 1975 ea
404 1911 596 1995 sagacitate,
623 1913 661 1974 ut
684 1910 789 1993 decipi
810 1931 878 1975 non
903 1915 1030 1996 posset,
1057 1934 1105 1996 p:
1118 1933 1140 1965 :r

140 1999 254 2064 sertim
277 2020 351 2063 curn
374 1997 518 2061 animum
541 1997 735 2062 attendisset
754 1997 794 2061 ad
814 1998 998 2075 cavendum.
1035 2000 1096 2065 ita·
1111 2019 1139 2062 a}

140 2086 181 2150 ad
202 2086 462 2169 Tissaphernem,
484 2085 686 2168 praefectum
709 2086 795 2171 regis
813 2083 916 2169 Darii,
939 2107 975 2150 se
997 2108 1061 2153 oon
1109 2087 1158 2159 ⁸„

103 2192 121 2240 a
141 2173 232 2237 cuius
246 2170 387 2236 ‘cumin
408 2172 560 2236 intimam
579 2172 758 2236 amicitiam
775 2173 977 2257 pervenisset
995 2178 1030 2239 et
1047 2175 1105 2240 At
1118 2223 1130 2243 2

139 2259 302 2324 niensium
325 2259 409 2322 male
432 2260 535 2343 gestis
558 2260 593 2324 in
616 2258 729 2325 Sicilia
750 2261 847 2325 rebus
871 2282 948 2346 opes
972 2283 1066 2328 senes
1091 2292 1097 2318 ι
1120 2294 1123 2316 ι

141 2345 606 2434 οοηὲτεηῑιαοοᾱαθωοηίοωω
629 2368 772 2412 crescere
794 2349 932 2433 videret,
954 2349 1050 2416 initio
1073 2372 1102 2417 c·

12 2442 54 2502 ab*
139 2434 299 2501 Pisandro
321 2438 482 2519 praetore,
505 2435 561 2517 qui
584 2435 670 2519 apud
694 2434 827 2501 Samum
850 2437 1029 2502 exercitum
1051 2437 1121 2504 hm
1155 2464 1156 2476 ¹

67 2533 108 2578 N
139 2525 208 2608 bat,
225 2544 283 2607 per
300 2523 520 2605 internuntios
538 2524 737 2607 colloquitur
755 2528 789 2589 et
807 2524 846 2588 de
864 2523 972 2589 reditu
989 2547 1050 2591 suo
1088 2557 1115 2581 :r

140 2612 347 2712 mentionem.
380 2619 408 2676 e's
426 2614 497 2675 erat
515 2611 602 2675 enim
620 2606 817 2712 eodemlquo
835 2599 1090 2713 Alcibiadeelse

92 2699 1093 2874 alltclltlltttntttrtilltttltla

140 2874 230 2957 lium,
249 2873 290 2937 ab
305 2874 448 2938 exercitu
465 2874 622 2958 recipitur
639 2879 834 2959 praetorque
852 2876 892 2939 fit
905 2876 991 2961 apud
1006 2875 1128 2943 Svamo‘

140 2965 217 3044 post
245 2960 443 3046 suffragante
470 2960 669 3027 Theramene
700 2964 814 3048 populi
846 2963 929 3029 scito
961 2965 1129 3031 restitui

140 3048 276 3132 parique
299 3049 416 3112 absens
439 3049 576 3132 imperio
594 3051 782 3134 praeficitur
800 3034 898 3116 simd
917 3073 991 3117 oum
1010 3052 1053 3117 T.
1085 3066 1130 3107 22:

104 3152 122 3200 s
140 3136 219 3201 bulo
237 3140 270 3200 et
288 3135 497 3201 Theramene.
532 3137 651 3203 horum
673 3139 708 3204 in
730 3140 868 3223 imperio
891 3143 986 3205 tanta
1008 3163 1113 3207 come·

141 3224 225 3288 tatio
243 3244 352 3288 rerum
370 3223 458 3288 faeta
476 3228 536 3310 est,
553 3230 592 3289 ut
609 3225 866 3312 Lacedaemonii,
885 3227 941 3311 qui
958 3229 1058 3312 paulo
1082 3233 1135 3312 :affl

140 3312 280 3376 victores
310 3312 495 3397 viguerant,
525 3315 692 3397 perterriti
722 3337 836 3399 pacem
867 3320 1026 3399 peterent

140 3399 227 3464 enim
250 3402 344 3463 erant
367 3400 509 3484 quinque
527 3402 660 3484 proeliis
684 3403 903 3488 terrestribus,
926 3404 1034 3468 tribus
1055 3422 1137 3470 nau·

139 3485 240 3570 libus,
269 3486 305 3551 in
332 3487 450 3570 quibus
478 3487 633 3554 ducentas
660 3511 759 3555 naves
786 3491 936 3555 triremes
964 3493 1068 3558 amise
1092 3524 1140 3559 :aa
