2324 4020
113 215 134 278 6
443 210 464 265 1.
488 208 691 265 1101111100.
719 216 743 265 e.
761 215 787 263 r.

73 340 112 470 q
202 353 302 421 Cuius
325 354 481 419 victoriae
503 376 570 418 non
593 354 734 418 alienum
756 352 885 418 videtur
911 353 1005 436 quale
1033 375 1059 435 p:

103 444 214 510 'mium
237 442 379 507 Miltiadi
407 442 452 507 sit
479 441 642 506 tributum
669 441 797 525 docere,
827 462 890 524 quo
919 440 1048 504 facilius

59 599 62 606 ,
113 533 226 619 tellegi
243 531 350 615 possit
367 530 503 595 eandem
521 529 666 594 omnium
685 529 857 594 civitatum
875 550 945 593 esse
959 533 1059 593 natur

78 636 94 685 2
112 625 151 685 ut
169 620 255 684 enim
273 618 386 703 populi
405 617 546 682 Romani
563 617 703 681 honores
722 617 886 700 quondam
904 616 1038 680 fuerunt
1056 639 1059 679 :

87 713 147 772 'et
176 713 288 773 tenues
317 707 359 770 ob
387 726 522 788 eamque
553 726 684 769 causam
714 705 866 790 gloriosi,
896 725 982 769 110110
1011 713 1059 767 001

87 857 89 862 ,
113 796 206 861 affini
224 799 322 879 atque
341 793 491 878 obsoleti,
514 793 560 858 sic
579 793 658 857 olim
676 794 762 877 apud
779 793 996 858 Athenienses
1020 792 1059 856 fu

77 900 94 949 e
113 884 300 967 reperimus.
332 903 472 965 namque
489 880 565 945 huic
583 879 734 965 Miltiadi,
758 881 814 964 qui
832 880 979 945 Athenas
1003 884 1059 944 tots

113 993 175 1055 que
199 969 369 1035 Graeciam
395 969 568 1053 liberarat,
591 969 668 1032 talis
695 970 800 1033 honos
823 969 967 1033 tributus
996 973 1060 1051 est,

111 1058 255 1143 porticu,
277 1079 360 1141 quae
383 1056 512 1122 Poecile
535 1061 683 1141 vocatur,
707 1079 780 1122 cunr
802 1076 913 1142 pugna
935 1056 1059 1141 deping«

112 1151 168 1211 tur
185 1146 401 1230 Marathonia,
418 1149 457 1209 ut
474 1146 509 1209 in
526 1146 637 1210 decem
655 1149 843 1229 praetorum
860 1161 995 1208 numero
1014 1149 1059 1228 pri

112 1235 182 1300 eius
209 1235 318 1320 imago
345 1237 521 1318 poneretur
548 1233 640 1316 isque
668 1234 857 1298 hortaretur
880 1233 1002 1297 milites
1030 1254 1059 1316 pr

77 1322 257 1406 4110111000
280 1322 510 1387 committeret.
546 1321 633 1386 idern
654 1321 710 1386 ille
733 1322 882 1405 populus,
904 1325 1059 1404 posteaqu

112 1411 217 1476 maius
235 1411 407 1494 imperium
426 1413 477 1473 est
493 1413 609 1473 nactus
624 1412 658 1472 et
676 1409 852 1493 largitione
867 1409 1059 1494 magistratu

112 1501 284 1580 corruptus
316 1501 382 1581 est,
414 1500 577 1560 trecentas
610 1500 737 1560 statuas
765 1496 932 1561 Demetrio
960 1495 1059 1560 Phale

112 1585 263 1650 decrerit.

74 1675 103 1742 't
200 1672 281 1737 Post
307 1671 370 1736 1100
397 1672 557 1755 proelium
585 1673 728 1737 010000111Ι
750 1673 958 1758 septuaginta
987 1672 1059 1736 navi

63 1779 66 1786 '
111 1760 328 1825 Athenienses
346 1759 450 1824 eidem
468 1751 610 1844 Miltiadi
632 1760 797 1844 dederunt,
819 1765 858 1825 ut
880 1760 1013 1842 insulas,
1037 1781 1059 1842 q

112 1844 268 1913 barbaios
292 1847 489 1933 adiuverunt,
511 1849 597 1913 bello
620 1853 875 1932 persequeretur.
916 1869 981 1931 000
1004 1850 1040 1912 ia

110 1937 201 2020 perio
229 1937 400 2020 plerasque
428 1937 468 2001 ad
496 1936 639 2002 officium
666 1936 770 2001 redire
798 1936 919 2022 coegit,
945 1936 1059 2000 nonnuss

76 2026 144 2153 011
166 2025 374 2110 expugnavit.
414 2045 454 2089 ex
476 2025 528 2088 his
552 2009 673 2088 Parum
695 2025 836 2089 insulam
858 2024 975 2107 opibus
998 2025 1059 2088 elal

112 2134 186 2177 cum
209 2112 356 2177 oratione
379 2112 588 2177 reconciliare
610 2135 677 2177 non
703 2117 828 2197 posset,
856 2112 967 2195 copias
992 2134 1009 2177 0
1032 2108 1059 2175 ni

110 2200 173 2263 1100
191 2198 312 2283 eduxit,
329 2199 443 2264 urbem
461 2200 613 2282 operibus
633 2200 750 2264 clausit
769 2200 920 2283 omnique
935 2221 1059 2264 comme

111 2286 265 2371 privavit,
293 2285 367 2351 dein
394 2287 496 2350 vineis
524 2309 562 2352 ac
589 2287 807 2352 testudinibus
830 2288 1019 2353 constitutis
1047 2312 1059 2372 1

76 2375 186 2459 opius
209 2395 320 2439 muros
343 2374 489 2439 accessit.
526 2395 600 2439 011111
617 2374 684 2438 iam
701 2375 796 2440 ineo
819 2381 916 2459 esset,
937 2380 976 2440 ut
999 2398 1059 2460 opp

111 2463 286 2546 potiretur,
317 2462 430 2546 procul
457 2461 492 2526 in
519 2461 698 2527 continenti
724 2464 830 2546 lucus,
858 2464 914 2547 qui
942 2485 981 2528 ex
1013 2465 1059 2529 ins

77 2559 79 2564 '
113 2551 381 2634 conspiciebatur,
403 2549 512 2614 nescio
537 2572 600 2634 quo
624 2572 701 2615 casu
723 2540 882 2617 nocturno
905 2557 1053 2635 tempore

112 2660 227 2704 census
245 2642 304 2702 est.
341 2637 432 2703 cuius
451 2639 582 2703 flamma
599 2643 637 2703 ut
655 2639 696 2703 ab
716 2640 885 2723 oppidanis
904 2644 938 2704 et
956 2661 1059 2726 oppug

112 2725 240 2791 toribus
264 2731 314 2791 est
337 2726 420 2810 visa,
442 2726 588 2810 utrisque
611 2727 701 2791 venit
723 2727 759 2791 in
781 2728 966 2812 opinionem
989 2729 1059 2813 sign

77 2829 94 2878 4
113 2835 132 2877 a
151 2813 326 2879 classiariis
349 2813 449 2899 regiis
472 2814 593 2879 datum.
627 2837 691 2898 000
710 2815 835 2880 factum
853 2820 905 2880 est
922 2820 960 2880 ut
978 2820 1012 2880 et
1030 2817 1056 2880 P

6 2907 20 2931 l·
48 2960 63 2979 ,
113 2900 308 2966 a'deditione
323 2901 562 2967 deterrerentur
576 2906 610 2968 et
623 2901 798 2989 Miltiades,
816 2904 935 2968 timens
948 2926 989 2967 ne
1004 2905 1059 2969 cla:

1 2997 2 3007 1
66 3051 69 3109 1
112 2989 1059 3162 1111111111111111111111

68 3158 93 3229 ¹5
114 3185 188 3229 cum
206 3165 382 3231 offensione
401 3166 521 3232 civium
539 3162 672 3232 suorum
692 3167 819 3232 rediret.
855 3110 1059 3233 000110010οὲ

113 3256 163 3316 001
190 3252 399 3338 proditionis,
423 3255 522 3339 quod,
551 3277 625 3319 cum
648 3254 768 3320 Parum
792 3276 976 3340 expugnare
998 3279 1059 3341 pos

91 3355 133 3404 10
154 3361 231 3425 rege
255 3346 426 3425 corruptus
449 3342 579 3408 infectis
602 3344 699 3408 rebus
727 3344 937 3409 discessisset.
978 3366 1017 3409 eo
1041 3351 1059 3409 t

111 3448 190 3510 pore
210 3449 306 3514 aeger
324 3434 395 3494 erat
408 3431 605 3514 vulneribus,
623 3453 706 3514 quae
720 3431 754 3494 in
768 3431 985 3518 oppugnando
1000 3455 1059 3518 opp

113 3522 290 3599 acceperat.
327 3517 438 3602 itaque
458 3519 619 3602 cumipse
642 3541 701 3602 pro
726 3540 760 3583 se
783 3519 888 3584 dicere
910 3541 977 3584 non
999 3543 1059 3604 pos
