2324 4020
331 219 379 274 u.
398 218 603 278 ausaausa.
630 184 699 274 ar.
975 221 1018 285 23

47 387 75 430 us
92 365 156 429 dux
174 364 336 451 deligatur
353 365 394 428 ad
411 364 535 428 bellurn
554 364 738 448 gerendum,
757 364 813 428 sed
830 365 876 429 sic
888 365 1019 450 scripta,

47 457 55 516 t
74 453 168 516 deum
189 453 353 516 videretur
375 473 551 538 congruere
575 452 763 536 sententiae,
786 473 884 534 quam
907 453 962 517 ille
984 475 1019 518 se

47 540 201 604 abiturum
219 541 355 624 pecunia
372 540 474 603 fidens
492 562 558 603 non
572 539 745 603 dubitarat.
779 539 863 604 hanc
877 540 907 605 ei
921 540 1019 624 scrip-

47 649 95 692 sse
118 627 220 693 Cleon
242 627 486 692 Halicarnasius
510 626 638 691 dicitur.

100 715 209 798 Atque
236 715 299 780 hoc
325 716 398 780 loco
424 736 491 779 non
517 719 568 778 est
598 716 869 798 praetereundum
895 715 1059 780 factum4

47 802 224 886 harnabazi,
248 804 387 887 satrapis
410 802 501 887 regii.
544 823 621 865 nam
644 824 717 867 cum
740 801 907 886 Lysander
928 824 1019 886 prae·

47 895 116 955 atus
144 891 259 955 classis
286 891 321 954 in
346 891 432 954 bello
460 890 565 953 multa
591 890 764 954 crudeliter
791 912 949 974 avareque
976 890 1020 954 fe

47 978 113 1042 isset
135 977 238 1063 deque
260 979 302 1042 iis
325 978 421 1042 rebus
445 977 663 1060 suspicaretur
686 978 727 1042 ad
749 978 835 1042 cives
855 1000 929 1043 suos
949 999 1019 1042 essa

47 1065 183 1151 erlatum,
201 1066 298 1149 petiit
316 1064 558 1130 aPharnabazo
572 1069 611 1129 ut
629 1065 669 1129 ad
688 1066 827 1148 ephoros
847 1066 911 1129 sibi
929 1066 1020 1130 testi·

47 1154 159 1218 renium
181 1154 282 1237 daret,
306 1157 427 1238 quanta
449 1153 623 1217 sanctitate
646 1153 769 1216 bellurn
792 1154 948 1238 gessisset
971 1175 1020 1217 so-

47 1242 145 1324 [osque
176 1245 364 1325 tractasset,
395 1242 497 1324 deque
527 1262 565 1304 ea
596 1262 631 1303 re
664 1244 812 1304 accurate
845 1242 1037 1319 scriberet:-

47 1350 166 1416 agnam
193 1329 280 1393 enim
309 1329 379 1393 eius
412 1329 641 1393 auctoritatem
672 1329 707 1390 in
735 1349 773 1391 ea
800 1349 834 1392 re
866 1327 1018 1394 futuram.

47 1417 89 1481 nic
110 1417 166 1481 ille
189 1417 368 1481 liberaliter
390 1417 575 1500 pollicetur:
598 1415 719 1480 librum
738 1416 892 1501 grandem
910 1415 1018 1479 verbis
1038 1432 1054 1480 a

47 1504 125 1568 ultis
149 1505 355 1588 conscripsit,
384 1504 419 1567 in
442 1502 559 1585 quibus
582 1504 718 1568 summis
742 1525 816 1568 eum
839 1503 931 1568 effert
953 1504 1020 1567 lau-

47 1592 117 1657 bus.
146 1613 242 1675 quem
252 1614 330 1657 cum
343 1591 392 1655 bic
404 1591 539 1676 legisset
557 1591 801 1675 probassetque,
820 1592 896 1656 dum
915 1591 1020 1675 signa·

47 1702 76 1763 n,
99 1680 238 1744 alterum
255 1680 327 1763 pari
346 1678 566 1763 magnitudine
585 1683 616 1743 et
631 1682 724 1743 tanta
743 1679 964 1762 similitudine,
982 1682 1021 1743 ut

48 1767 152 1832 scerni
173 1789 240 1831 non
261 1770 383 1850 posset,
406 1766 571 1850 signatum
590 1766 738 1850 subiecit,
755 1767 791 1829 in
809 1788 874 1849 quo
893 1787 1019 1830 accura-

47 1855 141 1919 ssime
155 1855 224 1918 eius
235 1854 406 1918 avaritiam
415 1853 646 1936 perfidiamque
657 1858 834 1918 accusarat.
854 1852 1021 1937 Lysander
1039 1869 1055 1918 a

47 1964 145 2013 »mum
168 1962 242 2007 cum
263 1941 415 2024 redisset,
443 1944 617 2023 postquam
631 1941 684 2021 ,de
707 1942 774 2005 suis
797 1940 893 2004 rebus
918 1939 1020 2024 gestis

47 2029 99 2094 »ud
131 2030 308 2093 maximum
339 2029 569 2114 magistratum
597 2049 678 2111 quae
707 2029 854 2093 voluerat
887 2027 1021 2111 dixerat,

47 2116 196 2182 stimonii
221 2117 294 2182 loco
323 2117 444 2181 librum
467 2138 487 2179 a
509 2115 718 2180 Pharnabazo
742 2117 855 2179 datum
876 2115 1020 2179 tradidit

47 2226 98 2269 mc
121 2209 285 2269 summoto
304 2203 473 2287 Lysandro
496 2226 570 2268 cum
593 2202 707 2287 ephori
730 2208 934 2289 cognossent,
956 2203 1021 2287 ipsi

47 2291 186 2378 gendum
208 2291 372 2358 dederimt.
407 2292 456 2354 ita
477 2291 533 2355 ille
556 2292 742 2374 imprudens
765 2293 835 2375 ipse
858 2313 934 2356 suus
957 2291 1021 2354 fnit

47 2383 193 2446 cusator.

314 2679 392 2776 vu
418 2678 714 2752 lucinianus,
892 2639 1064 2734 aava·

101 2818 297 2902 Alcibiades,
316 2817 439 2883 Cliniae
461 2817 558 2901 filius,
574 2816 793 2882 Atheniensis.
830 2817 865 2882 in
886 2817 949 2882 hoc
966 2840 1022 2883 na·
1042 2819 1059 2881 1

47 2929 89 2972 ra
123 2906 201 2989 quid
232 2905 358 2969 efficere
396 2905 503 2989 possit
535 2905 663 2970 ridetur
696 2908 837 2987 experta
892 2909 1022 2970 constat

47 2995 101 3059 dm
128 2993 215 3058 inter
242 3014 366 3076 omnes,
394 2993 450 3076 qui
477 2992 516 3056 de
539 3014 577 3058 eo
600 2988 787 3056 memoriae‘
802 2992 1022 3077 prodidenmt,

47 3081 97 3146 hil
125 3080 185 3145 illo
210 3081 312 3144 fuisse
340 3080 549 3144 excellentius
575 3081 628 3145 rel
657 3080 693 3143 in
719 3080 808 3144 vitiis
831 3080 883 3145 vel
904 3080 940 3144 in
961 3082 1022 3146 vir·
1136 3111 1142 3126 ·

47 3169 152 3233 tibus.
189 3172 286 3233 natus
308 3168 344 3231 in
365 3167 567 3251 amplissima
589 3168 721 3232 civitate
744 3190 871 3232 summo
895 3181 1056 3253 generas
1082 3147 1134 3228 ‘t‘

47 3256 161 3320 nnium
184 3255 302 3320 aetatis
325 3276 402 3320 suae
426 3254 529 3320 multo
553 3255 824 3339 formosissimus,
851 3256 954 3338 dives,
981 3257 1023 3319 ad

47 3364 129 3408 nnes
147 3364 198 3408 res
218 3347 314 3426 aptus
332 3342 523 3424 consiliique
541 3342 655 3426 plenus
673 3340 825 3427 (namque
844 3343 1022 3426 imperator

47 3430 80 3495 it
101 3452 246 3496 summus
270 3435 304 3494 et
327 3430 409 3494 mari
431 3434 465 3493 et
487 3427 603 3515 terra),
625 3430 776 3514 disertus,
798 3434 836 3494 ut
853 3430 889 3492 in
906 3429 1020 3512 primis

47 3518 150 3584 cendo
182 3519 317 3602 valeret,
349 3517 435 3600 quod
465 3519 558 3581 tanta
587 3521 658 3581 erat
687 3516 924 3582 commendatio
955 3518 1021 3581 oris
