2324 4020
114 211 156 275 82
428 210 488 265 XX.
507 207 704 264 TIMOLEON.
735 214 758 266 1.
779 217 803 266 2.

430 391 507 464 XX.
537 390 794 463 TIMOLEON.

81 532 97 595 l
200 529 370 595 limcleon
384 527 581 595 Corinthius.
612 528 681 593 sine
700 529 798 593 dubio
822 551 964 616 magnus
980 551 1033 596 om

112 618 231 684 iudicio
262 617 317 682 hio
344 617 394 682 vir
422 615 559 681 exstitit.
603 637 743 699 namque
773 615 851 682 huic
883 618 940 682 uni
975 640 1033 685 con

113 706 199 792 quod
216 705 326 771 nescio
345 727 388 769 an
403 704 496 789 nulli,
512 707 550 768 ut
569 708 602 767 et
620 705 771 788 patriam,
789 704 824 768 in
842 726 908 789 qua
926 712 1000 771 erat
1017 729 1033 771 n

114 815 303 880 oppressam
327 814 347 857 a
369 797 508 876 tyranmo
527 792 691 877 liberaret,
713 796 747 856 et
766 813 786 856 a
804 789 1031 877 Syracusanis,

112 884 174 947 bus
198 881 318 947 auxilio
343 883 414 945 erat
436 880 570 962 missus,
599 879 665 943 iam
692 879 907 944 inveteratam
931 883 1032 946 servit

113 969 289 1054 depelleret
306 972 476 1051 totamque
496 965 651 1051 Siciliam,
674 967 795 1032 multos
811 991 912 1035 annos
929 970 1017 1035 bello
1031 995 1033 1000 ·

114 1062 183 1122 tam
206 1079 226 1121 a
248 1056 460 1140 barbarisque
484 1076 688 1140 oppressam,
711 1077 770 1120 suo
793 1056 935 1121 adventu
958 1057 1034 1142 inp

80 1161 95 1206 2
112 1167 192 1210 num
211 1145 407 1210 restitueret.
439 1143 495 1208 sed
513 1143 548 1208 in
565 1142 617 1208 his
636 1144 732 1208 rebus
751 1165 818 1208 non
831 1144 974 1228 simplici
992 1146 1033 1210 for

115 1233 319 1300 conflictatus
343 1236 394 1297 est
424 1236 467 1315 et,
498 1231 532 1295 id
554 1231 640 1315 quod
663 1230 828 1295 difficilius
850 1237 996 1317 putatur,
1019 1256 1033 1298 n

116 1321 294 1407 sapientius
321 1321 399 1384 tulit
428 1319 601 1385 secundam
625 1340 723 1402 quam
749 1320 919 1384 adversam
949 1320 1033 1386 fortu

80 1424 190 1474 anam
218 1431 292 1474 cum
318 1408 421 1473 frater
449 1408 518 1471 eius
545 1407 777 1491 Timophanes,
804 1407 869 1472 dux
895 1430 915 1472 a
943 1407 1033 1474 (lorir

115 1498 273 1580 delectus,
302 1494 508 1579 tyrannidem
534 1516 593 1578 per
620 1495 742 1559 milites
770 1497 1009 1562 mercennarios

114 1588 237 1736 {llll
255 1586 975 1753 {meletenseestolleiam
991 1589 1033 1738 ll

115 1759 302 1825 libertatem
329 1757 441 1823 fratris
470 1757 569 1822 saluti
597 1762 630 1822 et
658 1779 771 1842 parere
794 1759 922 1846 legibus
947 1782 1033 1846 quan

82 1862 229 1932 operare
256 1847 382 1931 patriae
410 1846 513 1911 satius
541 1846 677 1911 duxerit.
722 1847 783 1913 hac
810 1851 919 1914 mente
946 1849 1033 1933 per]

115 1936 239 2020 apicem
266 1955 533 2017 communemque
561 1933 705 2018 affinem,
735 1935 787 2000 cui
814 1956 908 2002 soror
935 1957 975 2001 ex
1004 1936 1033 2001 ei

115 2023 305 2107 parentibus
329 2027 407 2087 nata
429 2026 533 2105 nupta
555 2026 639 2106 erat,
666 2021 802 2087 fratrem
829 2025 1033 2108 tyrannumi

114 2111 291 2176 ficiundum
314 2109 449 2175 curavit.
483 2110 552 2193 ipse
570 2131 637 2174 non
654 2111 751 2176 modo
775 2131 890 2175 manus
911 2134 980 2177 non
1002 2117 1033 2176 at

116 2198 235 2263 sedne
259 2197 403 2281 aspicere
427 2197 557 2281 quidem
584 2197 764 2262 fraternum
792 2198 985 2284 sanguinem
1011 2223 1031 2264 v

115 2306 191 2350 nam
219 2285 296 2350 dum
323 2306 375 2350 res
403 2285 629 2369 conficeretur,
660 2286 773 2370 procul
800 2287 835 2351 in
861 2288 1024 2370 praesidio

83 2386 156 2438 sne
183 2372 256 2457 quis
285 2373 415 2438 satelles
442 2378 555 2456 posset
583 2395 777 2440 succurrere.
821 2374 884 2439 hoc
906 2377 1033 2458 praecla

116 2483 206 2526 mum
233 2461 302 2527 eius
329 2460 454 2526 factum
479 2483 546 2527 non
572 2461 645 2546 pari
673 2462 770 2527 modo
801 2463 978 2546 probatum
1005 2485 1033 2528 es

117 2550 281 2616 omnibus:
303 2549 451 2616 nonnulli
473 2549 559 2614 enim
582 2549 704 2615 laesam
728 2550 769 2614 ab
792 2570 830 2614 eo
852 2551 1012 2633 pietatem

116 2638 197 2702 bant
226 2641 260 2702 et
291 2637 413 2703 invidia
444 2637 573 2702 laudem
605 2637 738 2702 virtutis
772 2637 976 2703 obterebant.
1021 2661 1033 2702 1

117 2746 193 2790 vero
220 2729 297 2809 post
324 2725 357 2791 id
383 2725 508 2790 factum
534 2746 638 2809 neque
665 2725 798 2791 domum
824 2724 865 2789 ad
888 2746 922 2790 se
946 2727 1033 2791 filiun

117 2812 209 2877 misit
230 2833 335 2896 neque
355 2813 492 2898 aspexit,
514 2813 594 2896 quin
612 2835 686 2878 eum
703 2813 906 2879 fratricidam
924 2813 1033 2898 impiru

83 2901 283 2964 edetestans
316 2900 535 2985 compellaret.
586 2900 703 2985 quibus
740 2902 837 2965 rebus
874 2901 930 2965 ille
964 2902 1033 2968 ade<

118 2991 310 3072 commotus,
333 2992 371 3052 nt
392 3010 636 3073 nonnumquam
659 2989 746 3053 vitae
769 2988 868 3052 finem
890 2988 997 3054 facere
1020 3013 1033 3054 u

118 3075 163 3140 rit
191 3079 288 3158 atque
316 3097 355 3140 ex
382 3076 586 3162 ingratorum
617 3076 786 3142 hominum
816 3082 992 3160 conspectu
1022 3101 1033 3142 1

85 3163 344 3315 Sdeeedffiteerim
362 3251 467 3316 Dione
487 3250 656 3336 Syracusis
675 3250 848 3316 interfecto
863 3250 1033 3337 Dionysiur

119 3361 174 3404 sus
199 3338 433 3424 Syracusarum
462 3341 588 3424 potitus
612 3343 671 3404 est.
718 3340 808 3403 cuius
832 3339 1011 3406 adversarii

118 3426 331 3493 aOorinthiis
349 3427 515 3511 petienmt
538 3427 723 3510 ducemque,
747 3448 811 3509 quo
834 3427 869 3490 in
892 3427 980 3493 bello
1004 3433 1033 3493 ul

119 3518 182 3597 tur,
204 3514 422 3598 postularunt.
459 3515 522 3580 huc
545 3514 715 3579 Timoleon
738 3514 856 3579 missus
880 3514 1033 3581 incredibi
