2324 4020
149 217 213 282 108
449 216 534 272 xxv.
553 214 717 272 ATTIOUS.
747 221 788 272 ra.
810 223 852 270 ra.

148 361 312 447 praefecto
330 360 460 426 fabrum
474 360 619 444 Antonii,
642 361 810 426 absentem
828 359 972 426 relatum
985 359 1141 446 expedivit

114 450 236 534 equod
262 450 298 515 in
323 450 487 534 praesenti
509 453 620 514 utrum
642 449 673 514 ei
695 449 890 514 laboriosius
913 470 959 514 au
981 448 1140 536 gloriosius

149 539 261 624 fuerit,
288 538 420 604 difficile
443 542 494 603 est
516 537 670 622 iudicare,
700 537 787 620 quod
808 536 844 601 in
866 558 981 602 eorum
1002 536 1162 640 periculis

149 650 215 693 non
247 649 338 693 secus
372 627 522 691 absentes
550 647 648 709 quam
677 628 863 709 praesentes
891 625 1016 692 amicos
1042 624 1162 725 Attico,

150 738 221 781 esse
245 737 339 782 curae
363 715 531 800 cognitum
553 718 613 778 est.
1152 731 1162 846 q

101 806 140 870 13
238 803 352 887 Neque
374 825 451 868 rere
473 803 529 867 ille
553 802 659 867 minus
681 802 786 867 bonus
808 805 902 886 pater
930 801 1072 868 familias
1094 800 1162 912 ln,

150 893 239 957 bitus
258 896 309 957 est
323 913 420 975 quam
435 891 523 956 civis.
553 912 630 955 nam
649 911 722 955 cum
735 895 822 956 esset
839 891 1043 975 pecuniosus,
1058 912 1089 955 n·
1103 922 1128 944 o
1157 915 1162 934 ·

150 981 208 1045 illo
232 980 339 1046 minus
361 979 425 1044 fuit
443 1000 546 1062 emax,
568 979 676 1043 minus
695 978 889 1044 aedificator.
922 1000 1028 1063 neque
1044 982 1162 1079 tamea,

150 1091 217 1133 non
234 1068 382 1152 inprimis
401 1069 482 1133 bene
500 1066 663 1131 habitavit
681 1067 894 1151 omnibusque
907 1067 1042 1153 optimis
1057 1066 1162 1176 rebuq

117 1174 132 1221 ι
151 1179 229 1222 usus
252 1161 311 1222 est.
346 1178 423 1221 nam
446 1156 576 1221 domum
598 1154 715 1220 habuit
732 1155 767 1219 in
785 1155 866 1220 colle
887 1155 1049 1233 Quirinali
1060 1154 1162 1257 'rm

151 1245 347 1330 philianam,
383 1246 424 1310 ab
457 1243 615 1310 aumculo
650 1243 830 1308 hereditate
862 1245 1029 1328 relictam,
1062 1243 1137 1310 cuim
1156 1260 1162 1286 ²

152 1335 332 1399 amoenitas
359 1354 425 1398 non
451 1332 611 1415 aedificio,
637 1333 694 1396 sed
721 1331 803 1397 silva
829 1333 1017 1399 constabat:
1047 1331 1162 1455 ipsun,

152 1422 238 1486 enim
265 1425 388 1487 tectum
416 1421 598 1503 antiquitus
621 1420 836 1486 constitutum
858 1421 932 1505 plus
956 1420 1034 1486 salis
1056 1440 1162 1521 quen,

152 1513 301 1593 sumptus
328 1508 483 1573 habebat:
519 1508 555 1572 in
583 1529 647 1592 quo
673 1507 756 1573 nihil
783 1509 1009 1594 commutarit,
1035 1508 1096 1575 nisi
1116 1526 1162 1608 a,

117 1598 230 1681 aquid
252 1600 569 1662 vetustate'coactus
593 1600 652 1661 est.
687 1618 765 1661 usus
788 1600 840 1662 est
861 1596 995 1682 familia,
1017 1599 1047 1664 si
1067 1595 1138 1663 utili
1156 1615 1162 1696 ᾗ

152 1689 221 1750 tate
244 1684 450 1750 iudicandum
473 1689 537 1768 est,
560 1685 697 1769 optima,
723 1685 752 1749 si
774 1685 893 1770 forma,
914 1685 969 1750 vix
991 1683 1157 1751 mediocri

151 1795 291 1858 namque
318 1775 352 1838 in
379 1795 417 1838 ea
444 1777 537 1838 erant
562 1773 655 1856 pueri
682 1773 926 1858 litteratissimi,
956 1776 1162 1870 mgnum

153 1863 269 1947 optimi
291 1865 324 1927 et
350 1861 483 1945 plurimi
510 1861 648 1944 librarii,
677 1865 715 1925 ut
741 1883 781 1925 ne
807 1861 1002 1946 pedisequus
1026 1862 1162 1959 quiden

153 1952 325 2037 quisquam
357 1954 456 2034 esset,
488 1950 544 2033 qui
572 1970 639 2013 non
669 1953 842 2034 utrumque
872 1949 990 2016 horum
1021 1949 1162 2035 pulchro

152 2040 257 2106 facere
279 2043 404 2123 posset,
427 2037 498 2122 pari
522 2037 617 2102 modo
641 2038 781 2102 artifices
805 2039 919 2121 ceteri,
942 2060 1025 2123 quos
1048 2039 1139 2104 cultus

117 2127 350 2193 idemesticus
382 2126 562 2210 desiderat,
595 2126 740 2209 apprime
771 2126 858 2191 boni.
910 2148 1014 2211 neque
1045 2131 1140 2193 tamea

152 2215 270 2280 horum
299 2235 494 2298 quemquam
520 2214 585 2278 nisi
612 2213 835 2279 dominatum
858 2214 1009 2298 domique
1031 2214 1140 2282 butun

152 2303 281 2367 habuit:
318 2302 404 2386 quod
435 2307 486 2367 est
523 2303 652 2387 signum
687 2322 754 2367 non
789 2303 895 2367 solum
927 2303 1141 2385 continentiae,

153 2391 321 2457 sedetiam
336 2390 531 2477 diligentiae.
554 2412 631 2456 nam
645 2394 678 2455 et
690 2411 756 2455 non
769 2390 1025 2474 intemperanter
1042 2412 1141 2458 concu-

151 2481 284 2565 piscere,
307 2480 393 2565 quod
407 2500 426 2544 a
439 2478 588 2563 plurimis
602 2478 721 2563 videas,
744 2478 940 2545 continentis
954 2479 1051 2546 debet
1071 2478 1141 2561 duci,

152 2573 185 2634 et
207 2569 316 2654 potius
339 2567 500 2633 industria
522 2588 620 2651 quam
641 2567 747 2651 pretio
765 2588 879 2652 parare
898 2588 964 2633 non
983 2566 1142 2635 mediocris

118 2661 203 2721 uest
228 2657 424 2743 diligentiae.
465 2655 606 2742 elegans,
636 2676 702 2721 non
728 2656 929 2742 magnificus,
960 2656 1142 2742 splendidus,

151 2766 218 2808 non
237 2750 460 2829 sumptuosus:
484 2743 652 2827 omnisque
675 2743 844 2830 diligentia
866 2744 1067 2831 munditiam,
1086 2764 1141 2810 non

153 2831 340 2896 afluentiam
354 2832 536 2897 affectabat.
559 2832 704 2915 supellex
718 2833 852 2918 modica,
865 2854 931 2898 non
944 2834 1058 2918 multa,
1069 2832 1141 2899 utin

117 2935 133 2982 o
152 2923 301 2983 neutram
315 2925 443 3003 partem
457 2920 600 3003 conspici
613 2924 733 3003 posset.
763 2942 823 2985 nec
836 2921 1030 3006 praeteribo,
1045 2940 1141 3007 quam·

153 3028 250 3090 quam
258 3008 422 3072 nonnullis
431 3008 500 3072 leve
509 3008 795 3093 visumiriputem,
805 3030 878 3074 cum
887 3009 1037 3093 inprimis
1045 3010 1141 3076 lautus

153 3099 240 3159 esset
258 3117 355 3178 eques
373 3095 539 3160 Romanus
557 3101 591 3161 et
611 3118 677 3161 non
693 3119 809 3181 parum
826 3097 1006 3163 liberaliter
1025 3098 1142 3165 domum

153 3204 245 3248 suam
274 3184 417 3248 omnium
444 3184 593 3249 ordinum
619 3185 766 3250 homines
794 3185 962 3269 invitaret,
991 3208 1059 3252 non
1088 3206 1142 3251 aar

152 3273 238 3357 plius
257 3293 355 3355 quam
374 3277 466 3337 terna
484 3272 575 3337 milia
587 3294 746 3357 peraeque
760 3274 794 3338 in
808 3273 954 3359 singulos
972 3295 1096 3341 menses
1112 3293 1143 3338 ex

118 3375 133 3423 ι
153 3360 356 3445 ephemeride
370 3382 444 3425 eum
457 3381 632 3444 expensum
641 3362 785 3445 sumptui
798 3361 883 3426 ferre
893 3361 1036 3428 solitum
1059 3367 1144 3447 atque

153 3448 290 3513 hoonon
300 3449 455 3531 auditum,
470 3450 526 3514 sed
536 3450 703 3535 cognitum
714 3449 950 3533 praedicamus:
964 3471 1061 3536 saepe
1071 3450 1145 3516 enin

152 3540 287 3619 propter
309 3536 566 3601 familiaritatem
589 3537 776 3602 domesticis
799 3537 895 3602 rebus
918 3537 1129 3606 interfuimus.
