2324 4020
133 249 176 314 86
422 247 494 303 xx1.
514 246 562 301 un
581 245 746 304 suemus.
774 255 835 304 aa

95 392 116 457 2
217 391 270 457 Ex
300 390 514 457 Macedonum
545 395 655 457 autem
691 395 789 477 geute
822 390 885 457 duo
917 390 1022 456 multo
1058 393 1138 455 cate·

132 502 185 545 ros
208 483 451 545 antecesserunt
472 501 582 544 rerum
609 483 776 563 gestarum
805 478 924 564 gloria:
955 478 1136 562 Philippus,

130 567 294 652 Amyntae
320 567 422 652 filius,
449 571 484 632 et
510 567 693 632 Alexander
715 565 863 652 Magnus.
908 566 1027 632 horum
1056 565 1136 629 alter

129 656 297 740 Babylone
320 655 435 720 morbo
459 659 670 739 consumptus
693 659 757 740 est,
787 655 956 739 Philippus
980 653 1096 738 Aegiis
1117 674 1134 716 a

130 744 304 828 Pausania,
332 765 406 808 cum
430 747 612 827 spectatum
634 742 727 807 ludos
750 743 827 827 iret,
854 743 948 806 iuxta
971 742 1130 807 theatrum

96 832 258 899 socciana
278 834 340 897 ast.
373 852 457 896 unus
475 831 638 916 Epirotes,
660 829 816 915 Pyrrhus,
839 831 895 914 qui
918 851 993 895 cum
1014 829 1131 914 populo

131 921 278 985 Romano
302 919 445 984 bellavit
480 919 510 983 is
532 941 606 984 cum
624 917 731 1003 Argos
755 918 910 1002 oppidum
932 921 1131 1003 oppugnaret

131 1008 166 1072 in
187 1007 427 1091 Peloponneso,
452 1007 560 1091 lapide
586 1007 671 1071 ictus
699 1007 833 1072 interiit.
877 1027 962 1071 unus
985 1007 1067 1070 item
1090 1002 1130 1070 Si·

131 1096 237 1179 culus,
264 1093 442 1178 Dionysius
464 1095 562 1179 prior.
607 1116 683 1158 nam
706 1097 740 1159 ct
763 1093 979 1159 manufortis
1002 1098 1038 1158 et
1059 1093 1129 1157 belli

131 1183 257 1268 peritus
278 1182 342 1248 fuit
365 1187 407 1267 et,
428 1182 462 1247 id
484 1181 572 1266 quod
593 1182 629 1247 in
651 1185 791 1266 tyranno
812 1203 881 1247 non
901 1181 997 1246 facile
1020 1181 1128 1266 reperi·

132 1275 198 1353 tur,
226 1271 358 1336 minime
380 1270 587 1354 libidinosus,
612 1291 680 1335 nou
701 1269 900 1354 luxuriosus,
921 1291 990 1335 non
1011 1289 1127 1350 avarus,

130 1359 252 1424 nullius
279 1359 416 1442 denique
444 1359 491 1423 rei
519 1358 653 1443 cupidus
680 1358 744 1422 nisi
772 1357 946 1444 singularis
975 1355 1126 1442 perpetui·

132 1467 193 1531 que
221 1445 350 1529 imperii
377 1446 419 1510 ob
447 1467 582 1528 eamque
608 1467 678 1510 rem
706 1445 857 1510 crudelis:
888 1467 965 1510 nam
997 1444 1074 1510 dum
1099 1443 1124 1507 id

133 1533 259 1597 studuit
280 1532 421 1616 munire,
441 1532 563 1598 nullius
585 1533 731 1617 pepercit
753 1533 856 1617 vitae,
879 1555 976 1617 quem
998 1534 1068 1599 eius
1087 1532 1124 1596 iu·

97 1621 321 1686 ssidiatorem
343 1624 483 1704 putaret,
527 1620 581 1685 hic
603 1642 678 1686 cum
700 1621 821 1685 virtute
845 1621 1051 1706 tyrannidem
1072 1617 1123 1686 sibi
1160 1619 1162 1639 ¹

30 1731 33 1737 ⁴
131 1708 319 1793 peperisset,
337 1729 455 1794 magna
470 1707 607 1773 retinuit
619 1708 791 1773 felicitate:
815 1708 919 1773 maior
932 1709 1021 1774 enim
1035 1727 1122 1774 annos

132 1796 301 1882 sexaginta
316 1800 414 1860 natus
432 1797 572 1862 decessit
594 1796 730 1863 florente
749 1818 858 1882 regno.
891 1818 996 1882 neque
1015 1797 1050 1862 in
1066 1801 1122 1861 tau

132 1884 244 1950 multis
263 1884 357 1949 annia
375 1885 565 1968 cuiusquam
583 1906 623 1949 ex
641 1905 700 1949 sua
718 1885 820 1968 stirpe
838 1884 936 1950 fimus
949 1885 1041 1970 vidit,
1062 1902 1122 1951 cum
1161 1921 1162 1925 =

132 1995 171 2038 ex
193 1973 299 2038 tribus
316 1972 472 2037 uxoribus
490 1973 610 2037 liberos
628 1976 832 2056 procreasset
845 1972 1006 2056 multique
1020 1973 1051 2037 ei
1065 1968 1122 2037 nati
1159 1946 1162 2083 ¹

133 2065 242 2125 essent
262 2064 407 2144 nepotes.
959 2072 965 2082 '

97 2147 118 2210 3
219 2147 365 2212 Fuerunt
396 2151 564 2231 praeterea
590 2148 703 2233 magni
733 2168 828 2234 reges
856 2169 895 2214 ex
922 2148 1036 2213 amicis
1062 2146 1122 2212 Alc·
1159 2206 1162 2258 Ι

132 2235 246 2300 nandri
264 2233 386 2319 Magni,
409 2235 465 2318 qui
486 2239 563 2318 post
586 2235 713 2300 obitum
731 2235 801 2300 eius
819 2236 956 2321 imperia
974 2237 1121 2321 ceperunt,
1160 2267 1162 2271 ·

132 2323 226 2386 ineis
240 2322 427 2407 Antigonus
441 2326 475 2386 et
487 2321 584 2387 huius
598 2323 686 2387 filius
699 2322 895 2407 Demetrius,
913 2322 1122 2408 Lysimachus,
1158 2354 1161 2359 ·

98 2408 300 2494 aSeleucus,
326 2409 543 2475 Ptolemaeus.
588 2432 627 2475 ex
653 2411 704 2475 his
727 2410 913 2496 Antigonus
940 2411 976 2476 in
1003 2409 1122 2496 proelio,
1158 2452 1159 2457 κ

133 2521 206 2563 cum
228 2499 384 2564 adversus
402 2496 571 2564 Seleucum
589 2503 623 2563 et
642 2496 872 2582 Lysimachum
890 2498 1066 2584 dimicaret,
1081 2517 1123 2564 oo
1145 2566 1148 2571 ,

133 2587 218 2652 cisus
232 2591 292 2652 est.
323 2585 395 2671 pari
408 2586 475 2652 leto
490 2586 625 2651 affectus
639 2590 690 2651 est
706 2584 918 2669 Lysimachus
932 2587 974 2651 ab
989 2585 1122 2652 Seleuco:
1157 2588 1160 2609 '

132 2697 272 2758 namque
294 2675 450 2740 societate
472 2675 632 2739 dissoluta
653 2674 776 2738 bellum
799 2673 936 2739 interae
957 2674 1122 2760 gesserunt
1156 2643 1162 2722 i

99 2766 169 2827 eat
198 2761 400 2846 Demetrius,
431 2783 505 2827 cum
535 2761 638 2826 filiam
670 2783 763 2827 suam
796 2759 930 2827 Seleuco
961 2762 997 2827 in
1028 2757 1123 2828 matri·
1157 2795 1162 2874 ,

135 2850 278 2914 monium
300 2849 443 2914 dedisset
463 2871 567 2933 neque
590 2872 629 2915 eo
651 2850 757 2936 magis
780 2849 846 2915 fida
874 2849 1038 2916 intereos
1060 2845 1123 2916 ami
1157 2884 1162 2936 y

135 2937 213 3002 citia
235 2958 364 3001 manere
386 2938 557 3021 potuisset,
579 2941 694 3022 captus
717 2937 803 3002 bello
827 2937 862 3002 in
880 2937 1030 3004 custodia
1047 2955 1124 3004 socer
1160 2942 1162 2955 ³

100 3025 245 3110 tgeueri
276 3024 375 3109 periit
406 3047 426 3090 a
452 3026 575 3090 morbo.
624 3047 728 3110 neque
760 3025 808 3090 ita
840 3025 944 3091 multo
976 3030 1054 3110 post
1081 3021 1125 3089 Se

135 3113 244 3176 leucus
258 3134 278 3176 a
291 3111 478 3178 Ptolemaeo
492 3111 639 3179 Cerauno
659 3114 734 3179 dolo
753 3113 945 3180 interfectus
963 3119 1025 3199 est,
1043 3131 1126 3199 quem

135 3200 191 3264 ille
221 3221 241 3263 a
271 3204 365 3285 patre
397 3201 566 3285 expulsum
593 3200 798 3267 Alexandrea
829 3203 1009 3267 alienarum
1041 3218 1127 3288 opum

134 3287 334 3373 indigentem
361 3291 535 3370 receperat.
581 3288 651 3373 ipsa
679 3293 789 3355 autem
815 3290 1038 3374 Ptolemaeus,
1066 3307 1127 3356 cum

136 3375 226 3439 vivus
248 3376 316 3440 filio
340 3395 476 3460 regnum
499 3376 697 3461 tradidisset,
719 3378 760 3442 ab
783 3378 841 3442 illo
859 3379 972 3444 eodem
991 3380 1060 3444 vita
1075 3376 1128 3464 pri·

137 3466 230 3527 vatus
255 3463 381 3527 dicitur.

103 3561 117 3600 ⁸
224 3549 272 3615 Da
296 3549 414 3633 quibus
438 3546 591 3634 quoniam
620 3552 701 3617 satis
729 3553 852 3619 dictum
879 3558 1048 3643 putamus,
1075 3572 1131 3622 nou
