2346 4012
142 135 185 199 88
439 136 742 193 nmmum
768 143 848 193 2-4„

143 301 205 362 que
232 281 447 345 diuturnitate
473 281 600 346 externi
626 280 705 344 mali
727 285 857 345 tautum
879 281 990 355 exarsit
1019 305 1056 335 ¹¹²²
1091 258 1141 358 bn

141 390 220 432 num
242 368 374 451 bellum,
396 375 434 433 ut
450 390 628 451 numquam
646 371 682 432 ἐκ
698 369 771 452 pari
787 369 931 452 periculo
947 367 1050 433 fueriti
1073 402 1077 410 η
1104 414 1136 447 4„

108 455 244 541 albugo
267 457 330 520 nisi
354 479 429 521 cum
446 456 553 521 deleta
570 461 630 520 est
660 457 767 540 primo
784 457 994 522 mercennarii
1031 453 1053 466 ”

143 545 260 626 quibus
279 545 432 608 adversus
451 544 616 609 Romanos
634 545 686 608 usi
703 548 806 628 erant,
828 545 1084 626 desciuerunt,1÷i
1138 604 1157 623 ,,

142 653 214 695 rum
238 654 389 696 numerus
412 636 483 696 erut
505 632 624 716 viginti
645 631 781 696 milium
816 632 965 697 iitotam
987 630 1093 697 ahsa«
1129 676 1133 695 i
1165 678 1167 685 ·

107 735 123 782 a
142 725 219 783 runt
232 719 387 802 Africam,
400 721 506 803 ipsam
517 719 754 804 Karthaginem
767 725 1005 806 oppugnarunt
1031 749 1052 775 ιι
1072 745 1104 771 in
1160 755 1167 801 3

143 807 237 869 mans
260 807 341 871 aueo
363 813 440 871 suni
462 808 562 872 Poeni
584 808 758 890 perieras,
779 811 819 870 us
840 809 941 872 etiam
964 808 1070 873 ausin
1106 770 1167 843 ³¹²

142 892 298 958 Romanis
320 896 490 978 petierint,
520 916 621 978 eaque
643 895 869 979 impetrarunt
913 898 973 960 sed
993 901 1101 962 extrem
1153 895 1167 923 ⁹

141 1002 216 1044 cum
237 1004 338 1066 prope
356 983 423 1047 iam
440 984 481 1047 ad
500 983 756 1066 desperationem
774 985 1008 1068 pervenissent,
1033 989 1086 1041 ῗιιι

106 1086 249 1134 icarem
272 1070 502 1154 imperatorem
524 1070 677 1134 lecerunt
721 1072 751 1134 is
772 1092 839 1135 non
860 1071 970 1136 solum
992 1072 1089 1137 hostes
1116 1114 1119 1121 ›

142 1159 244 1222 muris
259 1158 472 1245 Karthaginis
490 1160 638 1241 removit,
654 1180 729 1222 cum
747 1159 887 1242 amplius
906 1165 1038 1224 centnm
1061 1189 1111 1215 ιι1

141 1245 230 1310 facta
255 1251 365 1311 essent
392 1251 605 1328 armatorum,
634 1247 691 1310 sed
718 1247 818 1310 etium
840 1268 879 1311 eo
910 1247 1120 1332 compulit,ut

140 1332 288 1398 locorum
314 1335 475 1419 augustiis
502 1335 604 1398 clausi
629 1335 740 1418 plures
761 1334 848 1398 fame
870 1357 971 1418 quam
993 1335 1073 1400 ferro
1090 1333 1122 1396 iu

141 1421 286 1484 terirent
323 1422 432 1485 omnia
449 1423 569 1505 oppida
582 1422 774 1504 abalienata,
791 1423 826 1485 in
839 1422 887 1486 eis
901 1422 1036 1488 Uticam
1048 1426 1123 1506 atque
1149 1427 1167 1461 '¹‘

140 1505 339 1591 Hipponem,
366 1509 589 1573 ualentissima
615 1510 719 1574 totius
745 1509 889 1594 Africae,
919 1511 1066 1576 restituit
1084 1529 1124 1592 pa
1151 1516 1167 1594 ἶ

106 1594 232 1659 striae.
261 1617 365 1680 neque
382 1617 421 1662 eo
440 1597 504 1661 fuit
521 1602 703 1680 contentus,
725 1598 782 1662 sed
799 1598 899 1661 etiam
917 1599 1001 1663 fines
1018 1594 1125 1682 imperii
1153 1600 1167 1644 ἴ

140 1685 1084 1838 staminis
1098 1686 1126 1748 ⁰¹
1154 1671 1167 1807 Ξ

105 1861 127 1926 3
229 1860 339 1925 Rebus
370 1861 422 1925 his
454 1884 494 1927 ex
525 1861 686 1926 sententia
718 1861 859 1944 peractis
890 1861 1007 1926 fidenti
1037 1861 1126 1926 auimo
1159 1868 1167 1928 ἒ

141 1954 239 2033 atque
266 1949 386 2013 infesto
409 1949 580 2034 Romanis,
606 1969 670 2033 quo
697 1947 826 2013 facilius
848 1971 980 2014 causam
1003 1945 1127 2014 bellandi
1160 1956 1167 2025 ξ

140 2037 306 2119 reperiret,
329 2037 436 2100 effecit
452 2043 492 2101 ut
513 2038 690 2120 imperator
712 2059 786 2101 cum
808 2036 951 2101 exercitu
972 2037 1010 2101 in
1031 2037 1128 2120 Hispa·

140 2123 228 2185 niam
243 2123 437 2206 mitteretur,
459 2145 561 2207 eoque
575 2145 684 2189 secum
701 2125 794 2188 duxit
808 2125 913 2189 filium
926 2123 1129 2190 Hannibalem
1145 2094 1159 2239 Ι

105 2226 300 2274 sannorum
325 2230 451 2273 novem
496 2215 567 2275 erat
593 2217 762 2294 praeterea
788 2234 862 2276 cum
888 2233 926 2277 eo
956 2213 1129 2278 adulescens

140 2298 293 2382 illustris,
320 2297 497 2382 formosus,
524 2298 722 2382 Hasdrubal,
752 2320 848 2382 quem
873 2301 1024 2365 nonnulli
1053 2298 1131 2384 diligi

140 2388 283 2472 turpius,
314 2407 412 2471 quam
440 2408 500 2470 par
526 2391 610 2470 erat,
642 2389 683 2451 ab
711 2386 896 2452 Hamilcare
926 2388 1132 2471 loquebantur

142 2473 330 2560 (nonenim
352 2475 502 2540 maledici
525 2479 618 2540 tanto
641 2475 711 2540 viro
735 2476 845 2539 deesse
867 2473 1045 2561 poterant).
1079 2495 1133 2560 quo

140 2562 264 2627 factum
287 2566 398 2627 estut
420 2585 441 2627 a
461 2563 625 2647 praefecto
649 2585 776 2627 morum
798 2562 983 2628 Hasdrubal
1008 2586 1084 2629 cum
1102 2583 1134 2628 co

140 2654 306 2714 vetaretur
328 2672 408 2715 esse.
439 2651 515 2715 huic
537 2652 593 2716 ille
615 2651 718 2715 filiam
736 2672 829 2714 suam
846 2651 881 2714 in
899 2650 1135 2717 matrimonium

140 2737 242 2821 dedit,
272 2738 358 2820 quod
381 2738 526 2803 moribus
550 2760 662 2803 eorum
683 2760 750 2803 non
771 2743 901 2822 poterat
922 2739 1075 2806 interdici
1096 2761 1137 2804 so
1161 2708 1167 2831 Ι

105 2841 214 2890 acero
238 2845 366 2910 genero.
411 2825 534 2891 dehoc
557 2827 629 2891 ideo
653 2827 851 2891 mentionem
879 2826 1030 2911 fecimus,
1060 2825 1138 2912 quod

140 2911 324 2976 Hamilcare
345 2913 451 2977 occiso
470 2912 525 2978 ille
544 2915 700 2978 exercitui
717 2914 858 2996 praefuit
876 2935 991 2998 resque
1009 2936 1139 3002 magnas
1164 2891 1167 2955 i

141 3001 244 3086 gessit
266 3004 300 3063 et
322 3001 472 3083 princeps
496 3002 668 3086 largitione
692 3005 839 3066 vetustos
862 3003 1020 3086 pervertit
1039 3023 1140 3069 mores

140 3087 463 3173 Karthaginiensium
486 3088 692 3171 eiusdemque
718 3094 957 3172 postmortem
978 3089 1141 3157 Hannibal

141 3178 183 3240 ab
206 3175 349 3240 exercitu
372 3175 498 3258 accepit
520 3176 700 3259 imperium

106 3265 127 3329 4
229 3263 275 3329 At
302 3261 481 3347 Hamilcar,
508 3266 721 3347 posteaquam
748 3286 837 3329 mare
864 3265 996 3329 transiit
1027 3267 1064 3332 in
1091 3268 1143 3333 Hi·

142 3353 351 3436 spaniamque
373 3351 472 3436 venit,
494 3371 628 3436 magnas
648 3372 699 3415 res
719 3352 858 3416 secunda
876 3354 980 3438 gessit
997 3353 1144 3422 fortuna:

142 3440 297 3504 maximas
308 3439 635 3522 bellicosissimasque
646 3443 759 3526 gentes
770 3440 908 3524 subegit,
922 3442 1024 3528 equis,
1038 3446 1146 3530 armis,

940 3776 996 3875 Χ,
