2324 4020
123 227 167 292 84
438 227 497 282 XX.
516 226 713 284 TIMOLEON.
741 233 820 283 3-5.

124 373 190 437 suit
213 394 250 436 ao
272 372 419 456 privatus
444 371 627 456 Syracusis,
658 372 744 454 quod
767 373 928 456 reliquum
951 373 1040 438 vitae
1063 372 1132 456 fuit,

89 461 214 525 ovixit.
250 482 354 543 neque
378 483 454 525 vero
477 460 511 525 id
533 460 684 543 imperita
708 460 800 525 fecit:
822 480 899 524 nam
922 461 1012 544 quod
1035 461 1130 526 ceteri

124 570 215 634 reges
227 549 362 632 imperio
377 552 563 632 potuerunt,
576 547 631 612 hic
644 548 864 613 benivolentia
878 549 995 613 tenuit.
1024 549 1128 614 nullus

123 638 227 702 honos
255 636 331 702 huic
358 636 475 721 defrrit,
505 658 609 719 neque
638 639 754 720 postea
782 657 834 701 res
867 636 934 701 ulla
962 635 1126 721 Syracusis

124 729 218 810 gesta
245 729 295 789 est
322 725 465 808 publice,
494 725 533 788 de
561 745 625 806 qua
651 724 742 807 prius
770 725 815 789 sit
840 724 1008 789 decretum
1035 747 1124 810 qnam

90 829 105 877 o
124 812 338 877 Timoleontis
362 813 526 877 sententia
548 811 688 898 cognita.
732 811 854 877 nullius
881 834 1038 895 umquam
1060 835 1122 878 oon·

125 901 234 965 silium
249 921 314 964 non
329 901 424 964 modo
439 899 629 984 antelatum,
643 899 699 964 sed
713 921 753 964 ne
768 905 994 984 comparatum
1004 902 1120 987 quiden
1152 910 1154 915 '

125 991 206 1140 ost.d
219 1009 323 1139 netilue
337 987 370 1052 id
389 988 494 1074 magis
508 989 573 1053 eires
591 987 811 1053 benivolentia
830 988 955 1054 factum
969 993 1021 1055 est
1035 1011 1119 1073 quan
1149 1040 1154 1121 ,

147 1098 186 1140 ru
208 1097 247 1140 en
276 1097 303 1140 a.
1152 1126 1154 1139 .

88 1098 144 1227 4Ρ
212 1163 275 1229 Hic
303 1186 376 1229 oum
404 1169 512 1229 aetate
539 1165 605 1229 iam
632 1168 804 1248 provectus
834 1169 930 1249 esset,
962 1165 1033 1231 sino
1060 1165 1115 1229 ullo
1150 1146 1154 1257 l

125 1253 239 1318 morbo
267 1253 391 1317 lumina
418 1254 587 1318 oculorum
615 1252 735 1316 amisit.
785 1274 884 1336 quam
910 1253 1116 1318 calamitatem
1152 1260 1154 1303 :

124 1341 172 1405 ita
195 1341 360 1406 moderate
379 1341 465 1425 tulit,
487 1344 525 1405 ut
542 1362 646 1424 neque
665 1362 739 1404 eum
758 1344 946 1424 querentem
960 1342 1116 1424 quisquan
1151 1306 1154 1400 l

124 1429 264 1493 audierit
290 1449 394 1511 neque
422 1450 460 1492 eo
490 1429 596 1493 minus
628 1428 765 1512 privatis
797 1428 1003 1512 publicisque
1034 1428 1114 1493 rebus
1147 1451 1154 1575 Ι

90 1533 106 1579 a
124 1516 318 1580 interfuerit.
350 1516 501 1579 veniebat
523 1522 634 1581 autem
651 1517 686 1580 in
704 1517 879 1600 theatrum,
903 1539 977 1581 cum
995 1517 1042 1582 ibi
1058 1536 1115 1581 con·

126 1604 236 1668 cilium
263 1603 377 1688 populi
403 1603 592 1686 haberetur,
621 1608 756 1688 propter
778 1605 998 1669 valetudinem
1020 1608 1114 1670 vectus

125 1691 278 1756 iumentis
302 1691 431 1775 iunctis,
453 1695 551 1774 atque
574 1693 622 1756 ita
644 1693 683 1756 de
706 1692 854 1757 vehiculo
878 1714 959 1776 quae
983 1693 1115 1757 videban-

126 1784 180 1844 tur
198 1780 334 1845 dioebat.
370 1800 474 1863 neque
492 1780 555 1845 hoc
575 1779 625 1844 illi
644 1780 816 1864 quisquam
839 1781 1007 1845 tribuebat
1025 1799 1116 1864 snper·

125 1868 211 1933 biae:
242 1868 324 1932 nihil
352 1868 439 1932 enim
465 1890 623 1952 umquam
646 1889 750 1950 neque
773 1868 916 1934 insolens
938 1890 1043 1952 neque
1064 1867 1115 1954 glo

90 1973 105 2021 a
124 1957 248 2022 riosum
262 1978 300 2020 ex
315 1977 371 2020 oro
390 1956 458 2019 eius
478 1956 565 2020 exiit.
599 1955 654 2039 qui
673 1956 812 2041 quidem,
835 1978 909 2021 cum
927 1978 1003 2021 suas
1021 1955 1114 2021 laudes

125 2045 252 2109 audiret
278 2043 471 2128 praedicari,
500 2065 677 2127 numquam
705 2044 793 2108 aliud
815 2044 898 2108 dixit
921 2065 1020 2127 quam
1041 2041 1116 2109 sein

125 2154 163 2196 ea
186 2154 220 2196 re
243 2132 383 2196 maxime
406 2131 456 2194 dis
480 2153 574 2216 agera
597 2132 720 2218 gratias
751 2136 848 2214 atque
876 2132 1010 2217 habere,
1037 2127 1116 2215 quod,

126 2242 199 2284 cum
223 2216 368 2283 Siciliam
390 2240 534 2283 recreare
558 2219 819 2302 constituissent,
849 2223 921 2284 tum
944 2241 980 2285 se
1002 2215 1116 2304 potissi·
1144 2198 1154 2325 l

90 2323 215 2370 smum
239 2306 352 2371 ducem
375 2327 446 2370 esse
468 2306 657 2372 voluissent.
684 2307 766 2371 nihil
786 2307 872 2372 enim
890 2329 1000 2373 rerum
1022 2307 1117 2373 huna

124 2417 241 2459 narum
263 2394 333 2459 sine
357 2393 491 2459 deorum
509 2395 640 2459 numine
658 2395 728 2480 geri
746 2395 903 2479 putabat3
925 2396 1038 2480 itaque
1055 2412 1117 2461 suae

125 2484 214 2548 domi
236 2482 391 2548 sacellum
409 2481 617 2547 Automatias
641 2483 856 2548 constituerat
878 2483 976 2566 idque
999 2483 1116 2549 sanctis

129 2571 208 2636 sima
232 2571 369 2636 colebat.

91 2659 111 2723 5
212 2658 265 2723 Ad
283 2659 366 2723 hanc
384 2659 526 2724 hominis
541 2659 751 2724 excellentem
770 2659 952 2724 bonitatem
967 2658 1116 2725 mirabiles

126 2750 329 2812 accesserant
352 2768 455 2811 casus.
487 2769 563 2812 nam
581 2747 706 2831 proelia
724 2746 865 2811 maxima
881 2747 986 2811 natali
1004 2769 1063 2814 suo
1079 2744 1117 2810 die

126 2834 204 2899 fecit
232 2834 354 2918 omnia,
390 2856 454 2918 quo
481 2834 605 2900 factum
632 2838 683 2899 est
710 2839 748 2900 nt
777 2835 846 2899 eius
877 2835 962 2899 diem
990 2835 1117 2901 natalem
1146 2790 1154 2914 l

92 2921 247 2986 alostum
269 2921 405 2986 haberet
428 2923 578 2988 universa
602 2921 722 2987 Sicilia.
757 2922 833 2988 huic
856 2923 989 3006 quidam
1008 2922 1118 3008 Laphy·
1150 2922 1153 2933 ’

126 3010 223 3094 stius,
254 3009 352 3075 homo
380 3011 531 3094 petulans
559 3015 592 3076 et
619 3011 781 3096 ingratus,
811 3010 1032 3077 vadimonium
1059 3029 1119 3077 oum

126 3097 225 3161 vellet
247 3097 421 3183 imponere,
444 3098 530 3182 quod
553 3104 626 3163 oum
650 3099 706 3163 illo
731 3120 765 3163 se
787 3098 859 3183 legs
883 3120 980 3184 agere
1003 3099 1120 3180 diceret,

126 3189 160 3249 et
183 3186 364 3270 complures
384 3186 633 3270 concurrissent,
656 3187 712 3270 qui
734 3187 969 3270 procacitatem
992 3184 1120 3254 hominis

128 3273 275 3339 manibus
291 3279 438 3339 co‘e'rcere
453 3279 657 3358 conarentur,
671 3273 840 3339 Timoleon
855 3275 961 3340 oravit
977 3277 1121 3356 homines,

126 3382 166 3424 ne
197 3361 230 3426 id
261 3362 414 3427 facerent.
458 3382 599 3445 namque
630 3362 663 3426 id
695 3366 733 3427 ut
760 3360 940 3447 Laphystio
971 3368 1006 3430 et
1033 3362 1122 3432 cuivis
1151 3394 1154 3473 4

127 3448 252 3532 liceret,
285 3471 318 3513 ss
349 3448 507 3514 maximos
534 3449 662 3515 labores
691 3471 879 3533 summaque
908 3451 1028 3520 adiisse
1055 3450 1124 3540 peri·

128 3534 207 3599 cula
253 3536 336 3602 hano
359 3537 446 3601 enim
469 3537 609 3621 speciem
632 3537 796 3603 libertatis
820 3558 900 3623 esse,
923 3539 952 3605 si
976 3543 1125 3626 omnibus,
1151 3598 1154 3641 Ι

1151 3712 1154 3800 l

1042 3965 1049 3972 ,
1146 3840 1154 3971 l
