2324 4020
307 251 619 315 xvl1.AGaS‚1LAUS.
648 260 725 309 e-e.
973 251 1016 316 69

49 396 216 480 aparuerit,
245 396 309 460 nisi
340 398 396 460 ille
428 397 559 481 fuisset,
592 395 744 480 Spartam
775 397 920 462 futuram
950 418 1017 461 non

49 485 122 549 isse.
167 483 202 548 111
225 506 289 568 quo
312 485 441 569 quidem
471 485 655 551 discrimine
679 485 828 550 celeritas
851 485 920 549 eius
944 500 1051 549 con-a

49 572 80 636 lii
99 571 198 635 saluti
220 572 284 636 fuit
302 573 470 637 universis.
506 595 582 637 nam
601 595 675 638 cum
689 572 820 656 quidam
835 572 1017 637 adulescen-

49 661 77 724 di
106 659 252 724 hostium
282 660 421 724 adventu
453 661 619 743 perterriti
647 661 688 725 ad
714 660 885 725 Thebanos
913 664 1017 724 trans·

49 769 125 834 gere
144 747 265 812 vellent
283 751 317 812 et
333 748 442 812 locum
465 753 556 812 extra
573 748 688 813 urbem
706 749 829 812 editum
848 748 1017 832 cepissent,

50 835 284 921 gesilaus,qui
311 836 622 918 perniciosissimum
644 836 713 900 fore
736 836 873 919 videret,
901 836 929 900 si
952 835 1018 900 ani·

49 925 220 988 ¹adversum
251 927 338 988 esset
370 944 565 1007 quemquam
597 924 638 988 ad
668 923 781 989 hostes
814 924 1017 1006 transfugere

49 1011 137 1095 inari,
165 1032 239 1075 oum
266 1012 333 1075 suis
361 1033 399 1076 eo
427 1012 516 1076 venit
543 1015 654 1095 atque,
683 1015 720 1076 ut
748 1013 776 1076 si
798 1013 885 1077 bono
909 1012 1016 1076 animo

51 1101 177 1181 cissent,
199 1099 343 1164 laudavit
367 1099 537 1164 consilium
561 1121 681 1183 eorum,
705 1100 791 1182 quod
814 1123 888 1164 eum
909 1099 1018 1164 locum

49 1191 240 1271 {cupassentt
262 1187 296 1251 id
318 1209 352 1251 se
372 1208 499 1271 quoque
517 1187 587 1252 fieri
606 1187 722 1252 debere
741 1187 1017 1252 animadvertisse.

49 1298 62 1340 e
92 1275 314 1340 adulescentes
347 1275 500 1341 simulata
531 1276 718 1340 laudatione
749 1275 952 1359 recuperavit
983 1278 1051 1338 eta

49 1363 176 1428 liunctis
208 1363 246 1427 de
279 1363 345 1427 suis
378 1363 552 1428 comitibus
588 1363 696 1428 locum
732 1366 840 1428 tutum
876 1361 1016 1444 reliquit.

49 1472 154 1535 imque
173 1450 223 1514 illi
242 1451 367 1517 adiecto
385 1473 519 1516 numero
539 1473 659 1535 eorum,
683 1453 738 1534 qui
757 1455 905 1535 expertes
925 1453 1017 1514 erant

49 1539 152 1622 nsilii,
175 1560 376 1603 commovere
399 1561 433 1602 se
456 1561 522 1604 non
544 1544 621 1604 sunt
643 1539 715 1603 ausi
733 1561 835 1623 eoque
853 1537 1017 1619 libentius,

49 1629 100 1693 rod
122 1627 226 1691 latere
249 1626 494 1691 arbitrabantur
516 1648 597 1710 quae
621 1628 853 1712 cogitaverant.

104 1713 181 1780 Sine
213 1714 311 1778 dubio
342 1718 419 1798 post
450 1713 654 1781 Leuctricam
687 1736 830 1800 pugnam
861 1712 1056 1778 Lacedae-7

49 1803 116 1869 onii
145 1823 180 1866 se
206 1824 384 1884 numquam
410 1803 592 1868 refecerunt
618 1825 723 1886 neque
754 1803 930 1886 pristinum
960 1801 1018 1863 im·

49 1892 141 1956 rium
155 1895 394 1974 recuperarunt,
413 1913 486 1955 cum
504 1891 637 1956 interim
654 1912 830 1973 numquam
844 1889 1017 1975 Agesilaus

49 1979 144 2045 stitit
173 1978 426 2061 quibuscumque
458 1978 554 2043 rebus
585 1983 697 2063 posset
728 1978 868 2062 patriam
899 1977 1017 2041 iuvare.

49 2090 90 2134 un
113 2087 187 2131 eum
208 2066 380 2149 praecipue
398 2064 645 2132 Lacedaemonii
667 2067 851 2152 indigerent
873 2063 1017 2149 pecunia,
1036 2078 1052 2126 a

50 2179 67 2221 e
94 2153 254 2237 omnibus,
276 2154 332 2236 qui
355 2175 375 2217 a
397 2175 473 2240 rege
497 2154 693 2239 defecerant,
715 2153 876 2238 praesidio
899 2152 976 2218 fuit:
999 2173 1018 2214 a

49 2244 133 2309 ribus
165 2263 284 2326 magna
315 2241 453 2306 donatus
485 2243 620 2325 pecunia
656 2243 797 2326 patriam
829 2240 1017 2306 sublevavit.

49 2353 113 2415 que
128 2329 162 2393 in
174 2329 237 2394 hoc
251 2329 332 2393 illud
346 2329 494 2413 inprimis
509 2330 572 2394 fuit
581 2330 781 2413 admirabile,
795 2352 869 2395 cum
879 2329 1019 2393 maxima
1037 2344 1053 2391 3

49 2439 150 2483 unera
172 2417 201 2480 ei
224 2417 265 2481 ab
288 2417 420 2502 regibus
444 2438 480 2483 ae
504 2419 650 2501 dynastis
674 2418 924 2501 civitatibusque
946 2437 1018 2479 oon-

49 2509 189 2587 rrentur,
213 2505 299 2587 quod
321 2505 403 2569 nihil
425 2527 579 2588 umquam
602 2507 734 2570 domum
757 2527 848 2570 suam
871 2503 1018 2583 contulit,

49 2594 97 2659 hil
111 2592 150 2657 de
164 2593 262 2676 viotu,
279 2592 362 2657 nihil
376 2593 415 2658 de
429 2595 550 2658 vestitu
564 2593 729 2659 Laconum
743 2593 891 2658 mutavit.
921 2592 1017 2656 domo
1037 2609 1053 2656 1

50 2683 127 2746 dem
158 2680 222 2744 fuit
254 2684 438 2766 contentus,
471 2703 535 2766 qua
561 2682 798 2766 Eurysthenes,
829 2679 1019 2766 progenitor

49 2770 176 2835 aiorum
207 2789 357 2850 suorum,
388 2769 495 2834 fuerat
525 2791 617 2835 usus:
655 2791 751 2853 quam
783 2771 840 2853 qui
870 2769 1019 2852 intrarat,

49 2858 140 2922 11111111
168 2857 297 2941 signum
324 2856 482 2941 libidinis,
508 2857 635 2921 nullum
657 2857 803 2922 luxuriae
830 2858 937 2922 videre
964 2878 1019 2939 po·

49 2950 110 3028 rat,
134 2948 246 3008 contra
265 2967 303 3010 ea
322 2944 463 3028 plurima
480 2945 657 3029 patientiae
676 2950 774 3030 atque
793 2944 1018 3010 abstinentiae.

49 3057 59 3100 1
84 3033 172 3099 enim
195 3036 266 3097 erat
287 3033 456 3116 instructa,
480 3038 517 3097 ut
540 3033 575 3097 in
597 3034 688 3098 nulla
710 3055 744 3098 re
768 3033 911 3098 differret
928 3054 950 3097 a
967 3055 1018 3097 ou-

49 3123 115 3187 svis
139 3121 246 3204 inopis
270 3125 367 3204 atque
389 3122 518 3205 privati.

100 3211 210 3292 Atque
239 3209 292 3273 hic
320 3213 431 3273 tantus
459 3209 509 3273 vir
536 3213 574 3273 ut
595 3213 747 3274 naturam
769 3209 940 3275 fautricem
963 3209 1056 3274 lia-8

49 3302 130 3366 ierat
152 3298 187 3360 in
209 3296 389 3361 tribuendis
418 3296 518 3361 animi
545 3297 735 3381 virtutibus,
763 3298 810 3363 sic
837 3298 1016 3361 maleficam

51 3392 128 3454 etus
156 3385 267 3450 estin
294 3406 428 3468 corpore
455 3385 620 3469 fingendo:
649 3407 725 3450 nam
748 3389 782 3450 et
805 3388 931 3449 statura
952 3383 1016 3448 fuit

49 3474 129 3540 ¹mili
148 3476 182 3537 et
200 3494 332 3555 corpore
352 3473 468 3556 exiguo
488 3477 521 3537 et
540 3472 672 3538 claudus
692 3474 794 3538 altero
813 3472 901 3556 pede.
934 3491 1015 3554 quae

49 3587 59 3631 1
92 3560 196 3628 etiam
225 3559 413 3625 nonnullam
446 3559 601 3625 afferebat
633 3560 886 3641 deformitatem,
918 3563 1015 3644 atque
