2324 4020
115 253 158 318 34
476 245 521 301 ιι.
541 245 674 322 conon.
704 223 728 302 ι’.
743 253 767 305 ι.

485 433 546 506 ΙΧ.
575 428 746 506 OONON.

81 574 98 640 1
204 572 381 640 Conont
336 571 381 637 At
382 572 545 637 heniensis
564 569 800 654 Peloponnesio
818 569 907 634 bello
926 591 1033 636 access

115 686 185 727 rem
207 660 411 745 publicam,
402 683 438 723 1n
460 680 563 743 eoque
586 659 654 723 eius
679 680 777 741 opera
799 658 911 744 magni
933 657 1007 723 fuit.

116 756 149 816 et
180 754 273 834 praet
275 771 312 814 or
343 748 548 832 pedestribus
576 747 770 811 exercitibus
782 745 941 898 tpraefuit
972 751 1005 811 et
1031 769 1033 778 ¹

115 840 181 904 fect
167 843 261 902 tous
245 838 357 902 classis
381 857 517 922 magnas
536 836 618 898 mari
631 855 680 900 res
693 834 804 921 gessit.
841 855 922 917 quas
942 836 985 899 ob
1008 856 1033 899 ca

115 925 306 1010 praecipuus
337 925 366 989 ei
397 925 502 989 honos
533 924 626 988 habit
612 927 666 988 tus
697 927 754 987 est.
789 944 939 1073 tnamque
973 944 1033 987 oms

115 1035 198 1078 unus
226 1013 341 1078 insulis
368 1011 559 1097 praefuits
550 1034 585 1074 m
608 1032 672 1094 qua
693 1015 751 1094 pot
754 1014 824 1075 esta
825 1014 857 1074 te
825 1010 1003 1075 Pheras
1025 1033 1033 1074 ‹

80 1102 277 1168 acoloniam
295 1100 633 1166 Lacedaemoniorum.
664 1098 728 1162 fuit
714 1099 847 1163 tetiam
865 1097 1033 1163 extremo]

115 1191 271 1275 ponnesio
289 1191 375 1254 bello
394 1193 535 1273 praetor,
553 1209 627 1253 curn
646 1186 730 1271 apud
744 1185 853 1272 Aegos
872 1186 993 1251 flumen
1009 1207 1033 1251 ct

116 1278 365 1344 Atheniensium
392 1279 432 1342 ab
460 1275 628 1360 Lysandro
661 1278 738 1339 sunt
769 1274 922 1339 devictae.
969 1274 1022 1339 sed

116 1367 208 1451 afuit,
227 1388 328 1450 eoque
342 1367 434 1451 peius
449 1386 500 1429 res
515 1364 669 1428 administ
655 1367 743 1428 trata
756 1366 819 1426 est:
842 1384 919 1426 narn
933 1367 968 1427 et
981 1383 1033 1447 pru

81 1470 96 1518 3
116 1455 163 1518 rei
182 1454 332 1518 militaris
352 1458 386 1517 et
404 1453 542 1538 diligens
561 1452 658 1516 erat
649 1455 789 1535 1mperat
791 1472 836 1515 or.
868 1451 982 1535 itaque
1000 1471 1032 1514 ne

115 1546 186 1605 erat
208 1542 249 1605 iis
272 1541 473 1624 temporibus
497 1540 645 1623 dubium,
667 1540 696 1603 si
719 1539 878 1622 affuisset,
907 1538 999 1602 illam
1020 1539 1032 1602 l

115 1630 243 1694 nienses
268 1630 489 1694 calamitatem
512 1632 701 1711 accepturos
724 1649 790 1691 non
811 1626 922 1692 fidisse.

80 1717 101 1781 2
204 1717 313 1782 Rebus
352 1722 461 1781 autem
497 1715 646 1796 afflictis,
688 1737 761 1779 cum
801 1715 942 1799 patriam
981 1715 1032 1779 obs

116 1805 268 1891 audisset,
286 1827 352 1870 non
366 1805 535 1890 quaesivit,
553 1803 638 1868 nbi
629 1825 699 1886 1pse
718 1806 791 1867 tuto
812 1803 945 1886 viveret,
965 1803 1019 1867 sed

115 1895 276 1980 praesidio
299 1899 413 1979 posset
436 1914 506 1957 esse
530 1892 653 1956 civibus
678 1891 754 1956 suis
788 1891 900 1974 itaque
923 1895 1000 1956 cont
986 1890 1032 1954 tul

116 1983 157 2048 ad
177 1983 432 2066 Pharnabazum,
456 1984 619 2065 satrapem
642 1977 753 2043 ioniae
777 1982 811 2043 et
829 1977 951 2063 Lydiae
975 2001 1032 2043 eun

116 2092 212 2153 quem
239 2091 392 2156 generum
419 2071 505 2155 regis
533 2072 567 2132 et
593 2068 824 2151 propinquum:
853 2067 938 2168 apud
967 2088 1032 2150 quei

115 2158 255 2221 multum
278 2162 352 2242 grat
353 2159 385 2221 ia
338 2158 539 2238 t,valeret
561 2156 644 2219 mult
630 2159 665 2218 ιο
688 2156 800 2219 labore
818 2155 912 2219 mult
888 2160 996 2238 trsque
1014 2176 1032 2218 e:

80 2243 276 2327 apericulis.
320 2266 396 2308 nam
427 2265 500 2308 cum
522 2207 768 2307 Lacedaemonii
791 2243 1032 2307 Atheniensihn

115 2331 239 2396 vietis
230 2353 265 2395 m
284 2332 439 2395 societate
457 2353 523 2395 non
541 2335 717 2415 manerent,
737 2352 834 2414 quam
853 2353 927 2396 curn
941 2331 1032 2395 Arta}

114 2420 268 2503 fecerant,
291 2417 544 2503 Agesilaumque
568 2419 728 2483 bellatum
751 2419 918 2483 misissent
940 2420 976 2483 in
998 2419 1032 2483 Aa

115 2508 255 2572 maxime
277 2506 410 2591 impulsi
433 2529 452 2571 a
473 2507 704 2590 Tissapherne,
734 2507 790 2590 qni
818 2529 856 2570 ex
883 2507 1009 2571 intimis
1030 2529 1031 2567 ς

115 2596 156 2659 ab
172 2594 316 2660 amicitia
330 2595 398 2659 eius
413 2594 573 2660 defecerat
587 2601 621 2658 et
635 2616 708 2658 curn
720 2593 983 2659 Lacedaemoniis
998 2615 1031 2659 co

116 2684 319 2767 societatem,
350 2683 436 2748 hunc
469 2684 620 2747 adversus
648 2681 876 2747 Pharnabazus
908 2682 1031 2747 habita

114 2769 301 2854 imperator,
332 2793 367 2835 re
396 2771 525 2855 quidem
551 2793 628 2835 vera
655 2771 810 2835 exercitui
841 2767 1030 2855 praefantO

80 2872 95 2922 a
115 2858 247 2944 eiusque
266 2860 376 2924 omnia
394 2859 529 2923 arbitrio
549 2863 642 2944 gesta
660 2862 744 2922 sunt.
775 2858 829 2922 hic
847 2859 988 2923 multum
1005 2857 1031 2922 dr

115 2966 278 3012 summurn
296 2947 487 3033 Agesilaum
509 2946 678 3030 impedivit
701 2968 859 3030 saepeque
882 2946 951 3010 eius
976 2967 1031 3010 con

115 3033 259 3119 obstitit,
290 3057 394 3119 neque
420 3057 497 3100 vero
524 3056 591 3099 non
621 3035 685 3098 fuit
717 3039 879 3119 apertum,
913 3035 941 3098 si
972 3034 1025 3098 ille

113 3121 243 3207 fuisset,
275 3122 467 3224 Agesilaum
499 3122 613 3187 Asiam
644 3122 805 3186 Taurot
791 3127 884 3187 tenus
917 3123 987 3222 regi
1018 3119 1031 3184 f

82 3174 309 3295 cereptuium.
355 3214 410 3295 qui
442 3215 518 3294 post
520 3233 656 3293 eaquam
688 3210 819 3276 domum
850 3233 869 3274 a
896 3211 964 3274 suis
995 3209 1031 3275 eir

114 3303 283 3364 revocatus
311 3304 375 3382 est,
406 3298 491 3381 qnod
518 3297 635 3361 Boeoti
663 3301 696 3360 et
719 3298 934 3363 Athenienses
963 3297 1031 3362 Lac*

113 3387 232 3451 moniis
259 3386 382 3450 bellum
408 3386 603 3468 indixerant,
576 3383 746 3450 tConon
772 3387 875 3451 nihilo
904 3388 1006 3451 setius

113 3475 295 3557 praefectos
328 3473 415 3559 regis
447 3472 639 3537 versabatur
674 3472 778 3555 iisque
811 3475 962 3539 omnibus
1000 3496 1030 3539 m

115 3567 186 3626 erat
207 3562 290 3627 usui.
