2346 4012
123 217 167 282 32
397 215 471 271 VIII.
489 215 762 272 THRASYBULUS.
792 223 816 272 1.
834 224 861 273 2.

123 383 185 445 que
208 361 278 426 iure
301 383 360 426 suo
383 362 602 426 nonnullaab
630 362 826 447 imperatore
854 361 963 447 miles,
989 363 1061 448 pluri

122 471 199 514 vero
231 449 364 514 fortuna
394 449 537 514 uindicat
573 471 671 533 seque
702 450 755 514 his
787 450 861 532 plus
888 450 1061 516 valuisses

87 541 233 621 epotest
269 537 464 620 praedicare.
512 558 617 602 veram
652 538 734 601 illud
771 538 1061 622 magnificentissin

122 626 246 690 factum
272 625 441 709 proprium
468 629 519 689 est
541 624 745 708 Thrasybuli.
789 647 866 690 nam
890 648 964 690 cum
993 628 1061 713 trigi

122 713 254 796 tyranni
280 711 459 796 praepositi
482 733 502 776 a
523 711 787 777 Lacedaemoniis
816 714 974 778 servitute
1002 737 1061 799 opp

122 823 175 866 sas
199 803 348 865 tenerent
366 799 523 884 Athenas,
545 801 703 883 plurimos
728 801 822 884 cives,
846 802 965 882 quibus
989 803 1061 866 inb

121 891 270 972 parserat
301 888 448 971 fortuna,
483 889 605 971 partim
636 888 744 971 patria
776 888 978 971 expulissent
1008 912 1061 975 par

121 975 372 1058 interfecissent,
393 975 608 1059 plurimorum
631 977 718 1040 bona
740 976 908 1059 publicata
928 977 1015 1041 inter
1032 1000 1061 1043 se

121 1064 288 1148 visissent,
310 1085 377 1128 non
400 1064 505 1128 solum
527 1064 691 1148 princeps,
720 1065 775 1128 sed
799 1064 897 1128 etiam
921 1066 1011 1130 solus
1034 1067 1061 1131 in

121 1152 245 1216 bellum
267 1152 307 1217 iis
331 1151 456 1216 indixit.

87 1239 110 1304 2
210 1239 275 1305 Hic
307 1240 393 1303 enim
430 1262 504 1305 eum
538 1239 666 1322 Phylen
702 1239 919 1326 confugisset,
957 1243 1043 1323 quod

123 1328 293 1392 castellum
319 1329 354 1392 in
380 1326 494 1394 Attica
521 1327 790 1412 munitissimum,
819 1351 885 1392 non
912 1328 987 1412 plus
1014 1331 1061 1394 hal

122 1436 232 1480 secum
254 1415 393 1500 triginta
415 1415 453 1479 de
477 1415 553 1479 suis.
587 1416 650 1479 hoc
672 1416 803 1480 initium
826 1416 890 1480 fuit
908 1417 1025 1481 salutis
1043 1417 1061 1482 l

86 1519 243 1586 acorum,
265 1503 328 1567 hoc
351 1503 451 1567 robur
474 1503 637 1566 libertatis
661 1504 861 1568 clarissimae
885 1504 1039 1569 ciuitatis.

123 1611 184 1674 que
211 1611 287 1655 vero
316 1589 369 1655 hic
396 1611 462 1654 non
489 1594 695 1672 contemptus
724 1595 774 1656 est
800 1592 913 1675 primo
935 1614 955 1656 a
982 1597 1061 1676 tyra]

122 1682 220 1761 atque
248 1678 316 1742 eius
345 1678 495 1742 solitudo.
542 1699 624 1760 quae
648 1679 777 1762 quidem
800 1701 851 1744 res
875 1683 909 1743 et
938 1679 1033 1762 [illis]
1058 1709 1061 1741 ι

122 1766 342 1830 temnentibus
371 1765 525 1849 pernieiei
553 1769 586 1829 et
615 1766 717 1847 [huic]
746 1768 897 1850 despecto
922 1769 1023 1832 saluti
1052 1769 1061 1833 l

121 1854 243 1919 etenim
265 1854 340 1918 illos
360 1874 475 1938 segnes
494 1853 534 1917 ad
552 1855 817 1939 persequendum,
840 1855 900 1919 hos
920 1860 1032 1920 autem
1052 1863 1061 1921 l

86 1957 200 2025 upore
232 1941 272 2006 ad
305 1942 556 2024 comparandum
588 1942 665 2005 dato
697 1942 775 2006 fecit
807 1943 1019 2008 robustiores.

121 2029 562 2199 bttustttlttlt}
581 2029 779 2181 thlldsl
792 2031 914 2201 tlt
929 2053 1005 2184 tl
1026 2033 1061 2185 ‘t

85 2219 104 2268 l
123 2203 241 2267 dicitur
264 2207 402 2267 matrem
425 2204 532 2267 timidi
555 2203 631 2267 fiere
654 2225 720 2268 non
743 2168 855 2270 dolere.
890 2221 996 2290 neque
1021 2214 1061 2273 ta:

41 2283 70 2376 ᾗ
122 2311 182 2374 pro
206 2290 357 2373 opinione
379 2291 576 2374 Thrasybuli
599 2295 713 2355 auctae
737 2297 813 2357 sunt
836 2315 927 2378 opes:
958 2316 1038 2360 nam

75 2398 81 2416 *
124 2380 221 2459 [tum]
250 2378 316 2441 illis
344 2379 546 2462 temporibus
574 2378 692 2443 fortius
719 2381 798 2444 boni
824 2402 884 2464 pro
907 2382 1061 2449 libertate

80 2466 305 2550 ⁵¹quebantur
324 2487 422 2549 quam
444 2467 643 2552 pugnabant.
679 2467 755 2532 hinc
773 2468 808 2532 in
825 2468 977 2534 Piraeum
996 2475 1061 2536 tra1

116 2548 385 2637 Munichiamque
408 2555 555 2618 munivit.
600 2554 684 2619 hanc
711 2556 762 2620 bis
785 2557 916 2639 tyranni
940 2579 1061 2645 oppugr

117 2645 199 2706 suut
230 2641 350 2726 adorti,
382 2643 423 2706 ab
455 2664 555 2726 eaque
587 2643 729 2725 turpiter
758 2645 880 2727 repulsi
911 2647 1061 2728 protinus

81 2731 98 2779 θ
117 2715 177 2778 urb
202 2751 235 2792 m
250 2729 348 2794 armis
363 2730 666 2812 impedimentisque
683 2731 810 2795 amissis
825 2732 1025 2818 refugerunt.
1051 2759 1061 2800 1

117 2806 169 2902 effi
221 2817 417 2900 hrasybulus
444 2839 511 2882 non
537 2818 644 2881 minus
674 2819 846 2901 prudentia
873 2841 971 2903 quam
998 2821 1061 2886 fort

123 2918 130 2945 ·
159 2918 188 2946 ¹·
238 2926 315 2970 nam
334 2905 482 2969 cedentes
501 2905 617 2969 violari
640 2906 745 2970 vetuit
768 2904 868 2992 (cives
892 2908 979 2971 enim
1003 2911 1061 2976 civi

125 3006 251 3056 'rcere
274 3014 412 3077 aequum
435 2991 610 3078 censebat),
632 3015 736 3076 neque
760 2994 932 3078 quisquam
951 3000 1002 3060 est
1021 3021 1061 3063 vu

120 3084 210 3144 ratus
229 3080 293 3144 nisi
312 3081 368 3164 qui
385 3081 476 3163 prior
493 3081 684 3165 impugnare
699 3082 811 3147 uoluit.
843 3083 1005 3148 neminem
1024 3086 1061 3150 ia

120 3173 188 3231 tem
210 3170 299 3231 ueste
322 3168 485 3253 spoliavit,
507 3168 555 3231 nil
578 3169 692 3254 attigit
713 3170 778 3234 nisi
801 3191 899 3255 arma,
923 3193 1061 3255 quorum

83 3255 261 3340 adigebat,
285 3276 429 3339 quaeque
452 3256 492 3320 ad
514 3255 638 3320 victum
666 3258 882 3342 pertinebant.
927 3259 962 3324 in
985 3282 1061 3327 secu

120 3342 244 3426 proelio
268 3343 383 3407 cecidit
406 3342 538 3427 Critias,
561 3345 626 3407 dux
648 3348 876 3431 tyrannorum,
899 3369 973 3412 cum
997 3351 1061 3433 qui<

120 3431 272 3495 adversus
295 3430 534 3514 Thrasybulum
555 3431 735 3497 fortissime
757 3438 926 3518 pugnaret.

82 3517 105 3583 3
207 3517 279 3582 Hoc
303 3518 427 3583 deiecto
450 3519 628 3584 Pausanias
651 3521 740 3585 venit
763 3521 884 3587 Atticis
908 3524 1047 3611 auxilio,
