2324 4020
352 234 423 288 XVI.
443 234 648 290 PELOPIDAS.
676 241 701 290 5.
987 235 1030 298 65

61 373 146 440 acum
166 398 343 461 numquam
366 379 474 443 animo
497 379 620 463 placari
641 380 751 463 potuit
769 380 804 444 in
822 402 904 462 eum,
927 401 947 443 a
966 401 1030 462 quo

61 463 102 524 lat
120 464 265 530 violatus.
311 465 421 549 itaque
448 467 612 552 persuasit
634 463 796 531 Thebanis
824 472 861 531 ut
885 467 1029 531 subsidio

61 537 208 617 hessaliae
239 553 521 637 proficiscerentur
551 559 769 638 tyrannosque
797 556 865 620 eius
893 555 1030 639 expelle·

61 642 106 704 lut.
139 640 229 705 cuius
252 641 332 705 belli
350 664 424 707 cum
442 643 472 706 ei
491 661 618 706 summa
636 647 722 707 esset
740 642 817 707 data
835 665 937 726 eoque
956 665 1030 707 cum
1049 658 1065 705 3

61 728 165 793 reroitu
188 727 354 812 profectus
378 734 474 813 esset,
495 751 562 794 non
584 730 761 812 dubitavit,
792 731 928 795 simulac
958 752 1030 795 oon-

61 816 129 880 ›exit
146 815 287 900 hostem,
311 817 493 904 confligere.
529 817 646 901 inquo
665 818 789 902 proelio
809 817 1031 883 Alexandrum
1048 834 1066 881 4

81 903 321 989 animadvertit,
343 905 493 970 incensus
512 905 562 970 ira
581 926 699 989 equum
717 907 753 969 in
766 928 840 971 eum
855 907 1031 972 concitavit

61 992 199 1075 oculque
223 993 386 1078 digressus
406 1015 426 1056 a
444 993 512 1058 suis
531 994 679 1058 coniectu
701 993 842 1059 telorum
861 993 1030 1059 confossus

61 1080 172 1144 ncidit.
207 1084 304 1164 atque
327 1081 389 1146 hoc
409 1081 548 1146 secunda
560 1080 698 1145 victoria
717 1082 848 1146 accidit:
870 1104 947 1146 nam
965 1082 1031 1146 iam

61 1168 197 1232 :linetae
220 1172 313 1232 erant
336 1172 550 1252 tyrannorum
573 1169 693 1252 copiae.
728 1190 792 1252 quo
810 1170 898 1234 facto
919 1187 1065 1234 omneso

61 1255 209 1320 ‚essaliae
247 1255 396 1321 civitates
433 1255 641 1321 interfectum
677 1255 866 1340 Pelopidam
903 1258 1030 1322 coronis

61 1344 127 1408 reis
158 1347 192 1408 et
220 1345 338 1409 statuis
366 1344 474 1408 aeneis
506 1344 690 1427 liberosque
718 1345 787 1409 eius
816 1345 920 1408 multo
951 1367 1030 1431 agro

61 1435 193 1496 narunt

270 1829 272 1833 J
324 1732 739 1807 sinuessanus.

111 1869 286 1955 Agesilaus
309 1869 582 1936 Lacedaemonius
610 1894 684 1935 cum
711 1893 730 1935 a
753 1871 868 1935 ceteris
897 1872 1068 1955 scripto-1

61 1980 114 2023 rus
138 1963 210 2021 tum
234 1957 348 2021 eximie
367 1981 387 2021 a
409 1959 625 2043 Xenophonte
643 1957 809 2023 Socratico
829 1959 1031 2024 collaudatus

61 2050 87 2110 t:
111 2067 151 2110 eo
175 2045 262 2110 enim
284 2067 361 2110 usus
385 2051 436 2110 est
458 2047 720 2111 familiarissime.
756 2046 810 2110 hic
833 2047 975 2129 primum
993 2048 1067 2111 den

61 2155 124 2220 gno
154 2154 227 2198 cum
254 2131 465 2218 Leotychide,
496 2135 608 2198 fratris
640 2134 722 2218 filio,
754 2134 870 2198 habuit
903 2139 1033 2200 conten-

61 2243 158 2286 rnem.
203 2242 274 2285 mos
301 2226 372 2285 erat
400 2223 485 2286 enim
515 2222 779 2286 Lacedaemoniis
807 2245 827 2287 a
854 2223 1032 2288 maioribus

61 2309 176 2392 aditus,
193 2313 232 2373 nt
244 2308 338 2374 binos
353 2309 510 2375 haberent
525 2331 651 2393 semper
665 2331 767 2395 reges,
782 2311 913 2374 nomine
928 2312 1033 2396 magis

61 2418 124 2461 ram
138 2397 283 2481 imperio,
297 2419 337 2460 ex
350 2398 473 2462 duabus
488 2397 622 2462 familiis
636 2397 745 2463 Procli
760 2402 793 2461 et
806 2398 1034 2481 Eurysthenis

61 2486 83 2548 ri
105 2484 267 2570 principes
290 2506 328 2548 ex
350 2487 506 2570 progenie
528 2485 679 2550 Herculis
699 2484 835 2569 Spartae
855 2506 946 2569 reges
967 2485 1033 2549 fue·

61 2576 112 2636 mt.
144 2572 262 2637 horum
280 2594 319 2637 ex
337 2574 441 2639 altera
459 2575 494 2637 in
512 2575 645 2638 alterius
669 2571 812 2636 familiae
835 2573 943 2636 locum
962 2573 1032 2636 fieri
1052 2589 1068 2636 3

61 2682 92 2725 >n
114 2661 247 2726 licebat:
269 2661 317 2724 ita
335 2682 429 2726 suum
448 2667 585 2744 utraque
604 2661 766 2724 retinebat
784 2660 938 2724 ordinem.
970 2661 1034 2744 pri·

61 2771 118 2813 nm
148 2748 233 2814 ratio
264 2748 459 2833 habebatur,
491 2750 546 2833 qui
578 2749 737 2813 maximus
768 2752 849 2812 natu
881 2751 968 2812 esset
995 2770 1034 2813 ex

61 2836 139 2901 beris
158 2837 236 2919 eius,
260 2838 315 2919 qui
339 2858 477 2922 regnans
496 2837 702 2920 decessisset3
725 2836 818 2900 sinis
833 2836 926 2899 virile
941 2858 1032 2901 secus

61 2945 95 2989 >n
116 2925 315 3008 reliquisset,
344 2928 415 2988 tum
438 2925 654 3009 deligebatur,
678 2924 734 3006 qui
756 2924 923 3007 proximus
947 2928 1033 2988 esset

61 3013 280 3096 ropinquitate.
316 3016 464 3076 mortuus
484 3017 554 3076 erat
568 3011 650 3097 Agis
669 3033 734 3095 rex,
756 3010 859 3075 frater
873 3010 1033 3098 Agesilai:
1052 3026 1069 3073 4

61 3100 131 3163 ium
154 3099 330 3182 reliquerat
352 3098 593 3182 Leotychidem.
635 3120 730 3181 quem
753 3099 809 3162 ille
830 3103 946 3164 natum
967 3122 1034 3164 non

61 3191 179 3272 gnorat,
206 3187 341 3251 eundem
369 3188 511 3251 moriens
539 3209 633 3252 suum
661 3208 731 3251 esse
759 3187 893 3250 dixerat.
938 3188 967 3249 is
994 3187 1033 3250 de

61 3295 150 3339 ›nore
172 3275 264 3359 regni
287 3296 361 3339 cum
375 3274 538 3360 Agesilao,
561 3279 678 3359 patruo
702 3296 770 3357 suo,
793 3274 960 3338 contendit
981 3295 1034 3337 ne-

61 3384 89 3427 re
118 3361 153 3426 id
181 3362 267 3445 quod
295 3363 412 3446 petivit
440 3367 631 3427 consecutus
659 3366 717 3426 est.
762 3383 839 3425 nam
866 3360 1068 3443 Lysandr05

61 3449 235 3535 ‚ffragantq
257 3448 398 3533 homine,
421 3454 459 3514 ut
481 3451 681 3515 ostendimus
704 3471 817 3532 supra,
839 3448 977 3511 factioso
1000 3451 1034 3510 et

61 3562 66 3601 ι
91 3537 295 3620 temporibus
318 3540 462 3622 potente,
484 3537 656 3623 Agesilaus
681 3537 841 3600 antelatus
865 3539 923 3598 est.
