2324 4020
129 213 172 279 64
429 213 499 270 XVI
519 213 725 268 PELOPIDAS
754 217 785 267 3-
792 217 832 267 -b

130 381 191 443 que
205 359 306 424 dedit't1
320 380 421 444 usque
436 380 474 423 eo
489 359 713 442 despexerunt,
731 362 822 422 utne
839 379 991 511 quaerere
1004 354 1105 453 quiden
1148 431 1153 440 .

93 449 214 512 adet
200 452 294 524 tanta
323 469 358 511 re
389 447 578 512 laborarint.
625 446 762 511 accessit
789 446 876 528 quod
904 447 1003 512 etiam
1026 439 1102 530 neff'd
1138 454 1158 496 u

129 538 270 620 aperiret
294 558 406 601 eorum
433 535 573 599 dement
565 555 640 599 1am.
686 533 789 599 allata
754 537 863 598 test
886 535 973 600 enim
995 533 1039 620 ep'

129 624 268 689 Athenis
296 626 337 689 ab
365 623 504 706 Archia,
536 644 601 688 uno
630 643 669 686 ex
698 622 739 685 iis
766 623 821 704 qui
846 625 945 689 sacris
969 644 1013 706 pr

128 713 315 795 Eleutetis
338 711 491 791 Archiae,
522 711 578 794 qui
606 713 678 774 tum
705 710 883 775 maximum
907 711 1111 798 magistra-tun
1152 705 1158 716 ’

128 801 255 866 Thebis.
269 800 447 883 obtinebat,
470 799 504 862 in
527 819 591 882 qua
615 799 723 863 omnia
746 799 785 863 de
803 797 1006 882 protectione
1024 816 1113 865 eoru!
1150 802 1158 829 '⁴

128 889 310 972 perscripta
337 891 438 952 erant.
484 907 566 970 quae
594 909 668 950 cum
699 887 766 950 iam
798 887 971 952 accubanti
1003 889 1036 952 in
1059 906 1158 969 corn

129 977 215 1040 visio
234 979 320 1040 esset
338 976 422 1058 data,
441 975 526 1039 sicut
545 979 615 1039 erat
634 975 773 1060 signata,
791 975 851 1039 sub
865 975 1037 1059 pulvinum
1049 972 1122 1040 subi·-
1149 987 1158 1042 J

93 1063 217 1128 sciens
241 1063 286 1128 ‘in
309 1063 497 1129 crastinum'
521 1063 629 1147 inquit
652 1062 776 1128 ‘differo
800 1084 851 1128 res
875 1063 998 1128 serias?
1018 1066 1067 1128 -at
1081 1060 1123 1126 illi
1154 1078 1158 1117 ῖ

130 1174 255 1235 omnes,
282 1175 356 1217 cum
384 1152 450 1216 iam
471 1172 537 1216 nox
563 1151 790 1235 processisset,
817 1150 977 1218 vinolenti
1000 1153 1040 1216 ab
1062 1173 1077 1216 e

128 1241 214 1305 libus
238 1241 317 1305 duce
331 1239 487 1324 Pelopida
510 1244 586 1304 sunt
604 1238 777 1304 interfecti
814 1239 933 1323 quibus
952 1240 1049 1305 rebus
1063 1248 1123 1305 con

128 1329 234 1413 fectis,
257 1329 354 1414 vulgo
369 1328 410 1392 ad
431 1349 522 1392 arma
539 1327 638 1391 libert
624 1331 791 1410 tatemque
806 1330 932 1412 vocato,
950 1349 1016 1393 non
1031 1328 1123 1394 soluts

130 1418 186 1500 qui
215 1418 249 1480 in
276 1418 357 1482 urbe
384 1420 491 1499 erant,
519 1416 575 1480 sed
602 1416 703 1480 etiarn
725 1415 867 1500 undique
889 1437 930 1480 ex
952 1416 1041 1503 agris
1063 1434 1124 1482 cors
1157 1477 1158 1480 ,

129 1509 308 1588 currerunt,
337 1504 535 1588 praesidium
557 1501 888 1569 Lacedaemoniorum
915 1525 956 1569 ex
984 1526 1056 1570 arce
1081 1525 1121 1588 pe

129 1593 290 1676 pulerunt,
315 1595 372 1677 pat
373 1593 455 1656 riam
479 1592 646 1657 obsidione
670 1591 860 1676 liberarunt,
883 1596 1034 1694 auctores
1057 1590 1122 1658 Osd-

129 1702 219 1745 meae
239 1680 440 1764 occupandae
459 1681 580 1764 partim
600 1680 796 1765 occiderunt,
814 1685 890 1764 part
891 1681 937 1744 im
954 1680 1122 1746 inexilium

130 1769 300 1834 eiecerunt.

91 1857 115 1920 4
216 1856 288 1924 Hoc
312 1861 380 1921 tam
404 1857 534 1922 turbido
558 1861 714 1941 tempore,
737 1858 824 1922 sicut
841 1879 940 1940 supra
958 1857 1122 1937 docuimus,

129 1945 380 2030 Epaminondae,
403 1946 508 2029 quoad
527 1968 601 2011 cum
619 1945 743 2010 civibus
762 1945 951 2010 dimicatum
971 1949 1030 2030 est,
1049 1941 1124 2010 doni

130 2035 258 2118 quietus
281 2034 352 2099 fuit.
391 2033 501 2117 itaque
524 2034 604 2098 haec
626 2033 838 2098 liberatarum
856 2032 1044 2099 Thebarum
1064 2052 1124 2117 pm

129 2124 201 2205 pria
224 2123 294 2186 laus
318 2126 369 2186 est
391 2120 578 2206 Pelopidae,
608 2126 734 2186 ceterae
761 2120 829 2186 fere
853 2142 1040 2187 communes
1063 2138 1123 2185 cun

93 2225 110 2273 2
129 2210 363 2293 Epaminonda
398 2230 537 2293 namque
559 2212 595 2274 ia
617 2208 788 2275 Leuctrica
809 2209 1139 2310 pugnaimperatcrs

129 2296 355 2381 Epaminonda
377 2296 431 2360 hic
453 2296 518 2362 fuit
539 2297 604 2362 dux
622 2299 764 2363 delectae
783 2318 907 2380 manus,
931 2319 1014 2381 quae
1031 2296 1123 2381 prims
1156 2310 1158 2319 ‘

93 2403 110 2451 3
129 2385 323 2472 phalangem
354 2407 430 2470 pros
433 2385 533 2450 travit
561 2385 735 2451 Laconum.
786 2348 936 2451 omnibhs
969 2390 1123 2470 praetere

25 2542 29 2548 ’
129 2471 1123 2648 iltrdrcdirlstilliditaidblntiljcddothdahrdddsleridibeliffiilsgidili

129 2655 236 2715 tueret
237 2673 277 2714 ur
276 2650 453 2736 ,legatus
444 2673 479 2714 1n
492 2650 609 2715 Persas
624 2654 675 2714 est
692 2650 867 2735 profectus.
907 2649 1044 2733 denique
1056 2648 1123 2713 hae

129 2739 193 2802 fuit
216 2738 320 2802 altera
341 2759 480 2821 persona
493 2738 623 2822 Thebis,
646 2738 702 2804 sed
725 2742 835 2802 tamen
858 2737 999 2803 secunda
1020 2737 1075 2820 ita,
1094 2734 1123 2801 ut

129 2826 278 2909 proxima
300 2830 388 2890 esset
409 2825 661 2909 Epaminondae.

92 2913 116 2978 5
219 2913 394 2979 Conflictat
344 2917 433 2978 tatus
448 2918 556 2979 autem
570 2915 677 2979 estet'
669 2937 734 2978 ram
748 2915 882 2978 adversa
895 2912 962 2978 fort
948 2916 1036 2978 t.una
1060 2928 1124 2978 nam
1151 2914 1154 2919 “

131 3006 165 3065 et
187 3001 292 3085 initio,
316 3002 400 3067 sicut
424 3006 476 3066 ost
462 3003 633 3087 tendimus,
656 3004 806 3067 exult
748 3025 790 3086 pa
792 3003 857 3066 rtia
875 3001 980 3066 caruit
999 3005 1042 3086 et,
1063 3017 1125 3066 cum

130 3089 373 3154 Thessaliam
363 3112 398 3153 ιιι
429 3112 471 3174 po
473 3094 575 3154 ttesta
576 3113 627 3155 em
658 3091 886 3156 Thebanorum
922 3094 1057 3173 cuperet
1088 3106 1126 3152 re

131 3177 240 3264 digere
263 3177 363 3262 legat
355 3177 501 3262 ronisque
525 3179 594 3243 iure
618 3179 698 3243 satis
717 3183 842 3243 tectum
861 3199 895 3243 se
914 3177 1126 3257 arbitraretur,

132 3265 217 3348 quod
241 3265 326 3348 apud
350 3286 460 3330 omnes
484 3271 598 3352 gentes
622 3271 770 3332 sanctum
794 3287 865 3330 esse
888 3270 1092 3350 consuesset,
1112 3285 1128 3328 s

132 3358 271 3436 tyranno
294 3351 479 3418 Alexandro
502 3354 647 3419 Pheraeo
671 3355 768 3419 simul
792 3375 865 3418 cum
890 3352 1034 3419 Ismenia
1056 3373 1129 3420 con·

93 3454 112 3502 a
131 3440 341 3522 prehensus
332 3462 366 3503 m
389 3441 495 3506 vincla
518 3443 681 3508 coniectus
701 3441 878 3506 estthunc
896 3440 1129 3525 Epaminondas

132 3528 352 3613 recuperavit,
384 3529 470 3594 bello
501 3551 697 3615 persequens
726 3528 946 3593 Alexandrum
1001 3536 1078 3617 post
1104 3526 1158 3633 id,
