2324 4020
194 227 235 292 12
482 227 517 284 11.
535 222 828 283 Tflnnlsrocnns'
847 230 872 281 7.
889 233 913 281 8.

156 372 257 437 ciam
283 372 335 437 bis
364 372 473 456 copias
501 372 607 457 regias
635 370 751 435 fecisse
780 370 997 455 naufragium.
1044 368 1123 434 Lace

192 461 318 525 monios
347 464 456 524 autem
479 460 563 524 male
591 462 624 523 et
650 458 770 522 iniuste
797 457 917 542 facere,
945 457 1002 540 qui
1029 456 1063 521 id
1089 480 1123 541 p<

191 549 408 630 intuerentur,
441 547 526 630 quod
557 547 704 630 ipsorum
735 546 950 610 dominationi
983 566 1082 628 quam
1115 567 1123 608 ι

192 637 359 701 universae
379 634 533 699 Graeciae
555 634 637 698 utile
660 638 754 697 esset
789 655 898 717 quare,
922 634 951 697 si
973 654 1049 697 suos
1072 633 1123 718 leg

192 724 334 807 recipere
356 722 491 806 vellent,
519 743 600 805 quos
624 720 771 786 Athenas
794 721 965 803 miserant,
993 742 1028 784 se
1056 742 1123 783 rem

191 815 273 893 rent,
290 830 365 875 cum
388 809 483 873 aliter
505 809 580 874 illos
602 831 780 892 numquam
803 809 838 872 in
859 808 1002 892 patriam
1021 812 1123 872 essent

192 919 227 963 ce
252 899 327 961 turi.

151 987 171 1050 8
228 921 250 982 p
279 986 402 1051 Tamen
419 1008 484 1051 non
503 986 617 1071 effugit
632 985 751 1050 civium
765 1006 898 1049 suorum
915 984 1079 1048 invidiam.
1111 1006 1123 1047 1

192 1095 253 1157 quc
273 1073 313 1138 ob
333 1074 469 1138 eundern
487 1075 647 1157 timorem,
667 1094 730 1156 quo
749 1073 921 1137 damnatus
940 1077 1011 1136 erat
1025 1071 1123 1135 Miltia

191 1162 386 1226 testularum
418 1162 581 1247 suffragiis
611 1183 628 1224 e
657 1161 788 1225 civitate
818 1161 940 1225 eiectus
967 1159 1076 1245 Argos
1109 1159 1123 1222 l

156 1252 298 1314 atatum
331 1250 500 1315 concessit.
549 1251 603 1314 hic
636 1270 709 1313 cum
740 1251 874 1332 propter
907 1247 1027 1312 multas
1060 1248 1123 1311 virt

191 1359 310 1423 magna
337 1359 411 1402 curn
438 1338 598 1422 dignitate
626 1337 762 1420 viveret,
794 1335 1041 1400 Lacedaemonii
1070 1335 1123 1419 leg

191 1423 338 1489 Athenas
357 1426 525 1509 miserunt,
543 1425 600 1508 ¹qui
619 1446 693 1488 eum
712 1425 880 1488 absentem
895 1426 1093 1507 accusarent,
1112 1444 1123 1505 ς

192 1512 383 1576 societatem
403 1534 476 1576 cum
494 1533 570 1596 rege
588 1508 686 1575 Perse
706 1512 747 1575 ad
765 1509 935 1575 Graeciam
954 1511 1124 1594 opprimen

156 1615 172 1663 3
191 1597 331 1663 fecisset
362 1599 425 1664 hoc
440 1600 573 1664 crimine
587 1600 703 1664 absens
723 1599 894 1663 damnatus
914 1603 972 1662 est
1004 1598 1038 1662 id
1056 1602 1123 1662 uta

191 1686 248 1770 rit,
272 1686 357 1769 quod
379 1708 446 1751 non
465 1687 545 1751 satis
564 1691 673 1752 tutum
692 1708 726 1750 se
740 1685 840 1770 Argis
859 1687 999 1770 ridebat,
1022 1684 1123 1769 Coroy

191 1773 395 1859 demigravit.
431 1775 480 1839 ihi
499 1797 572 1840 curn
591 1775 660 1839 eius
678 1774 840 1857 principes
863 1775 984 1838 insulae
1002 1773 1123 1837 animai

191 1861 287 1926 tisset
310 1863 438 1947 timere,
465 1884 506 1928 ne
529 1867 663 1946 propter
686 1883 720 1926 se
744 1862 865 1925 bellum
887 1862 928 1925 iis
951 1860 1123 1925 Lacedaern

191 1953 225 2013 et
253 1949 468 2016 Athenienses
500 1951 692 2034 indicerent,
726 1950 767 2014 ad
795 1949 985 2032 Admetum,
1018 1948 1123 2013 Molos

79 2048 88 2064 ⁰
154 2053 172 2100 4
190 2058 310 2122 regem,
333 2060 407 2103 cum
425 2060 489 2122 quo
509 2039 541 2103 oi
556 2038 737 2122 hospitium
754 2058 817 2102 non
836 2041 915 2121 erat,
938 2036 1095 2122 confugit.

192 2146 265 2189 cum
283 2126 427 2191 venisset
445 2130 479 2201 et
497 2126 532 2189 in
549 2126 734 2210 praesentia
752 2147 808 2189 rex
827 2126 965 2207 abesset,
989 2146 1053 2207 quo
1077 2146 1123 2188 ma

58 2267 111 2307 ,κ
191 2211 348 2296 religione
376 2234 410 2276 se
433 2218 601 2295 receptum
624 2217 784 2297 tueretur,
806 2213 911 2276 filium
934 2213 1003 2276 eius
1026 2234 1123 2296 parvu

192 2299 330 2382 arripuit
353 2303 483 2364 etcum
506 2322 544 2364 eo
567 2322 602 2365 se
625 2301 660 2365 in
683 2301 869 2384 sacrarium,
892 2300 978 2383 quod
1002 2322 1123 2365 summa

190 2386 320 2451 labatur
343 2388 547 2472 caerimonia,
571 2389 719 2453 coniecit.
751 2389 824 2453 inde
846 2409 913 2452 non
935 2388 1025 2471 prius
1049 2410 1124 2474 egre

192 2478 255 2559 est,
288 2497 386 2559 quam
413 2496 473 2542 rex
496 2497 570 2543 eum
598 2476 675 2540 data
702 2477 815 2541 dextra
842 2476 876 2539 in
907 2476 1004 2540 fidem
1032 2478 1123 2559 recip

156 2578 172 2626 c
192 2585 290 2647 quarn
312 2564 489 2648 praestitit.
523 2586 600 2629 nam
619 2586 692 2629 cum
716 2565 757 2628 ab
776 2563 1032 2629 Atheniensibus
1051 2569 1085 2628 et
1103 2563 1123 2627 Ι

191 2651 369 2716 daemoniis
398 2657 627 2736 exposceretur
653 2652 796 2736 publice,
828 2652 1007 2734 supplicem
1033 2673 1101 2717 non

191 2738 274 2803 didit
297 2740 487 2823 monuitque
510 2744 548 2804 ut
570 2741 754 2806 consuleret
772 2739 849 2804 sibi:
872 2738 1004 2803 difficile
1023 2739 1110 2804 enim

190 2826 225 2889 in
248 2829 317 2890 tam
340 2827 522 2910 propinquo
546 2828 618 2893 loco
636 2832 709 2893 tuto
728 2849 803 2891 eum
821 2827 952 2891 versari.
986 2827 1123 2911 itaque}

190 2935 267 2978 nam
294 2935 369 2978 eum
397 2914 510 2980 deduci
537 2915 635 2980 iussit
661 2918 695 2981 et
723 2915 809 2999 quod
832 2915 913 2979 satis
936 2919 1023 2979 esset
1045 2937 1123 2998 prae

155 3017 172 3065 o
191 3001 288 3066 dedit.
325 3002 379 3067 hic
397 3002 432 3066 in
449 3023 565 3067 navem
584 3003 735 3068 omnibus
758 3003 891 3088 ignotus
913 3003 1022 3067 nautis
1046 3024 1123 3068 esce]

192 3110 274 3171 quae
302 3111 376 3154 cum
403 3093 598 3174 tempestate
627 3090 768 3156 maxima
795 3089 926 3155 Naxum
957 3090 1111 3173 ferretur,

191 3180 262 3240 tum
280 3176 531 3243 Atheniensium
549 3182 620 3242 erat
638 3179 808 3261 exercitus,
831 3179 934 3243 sensit
952 3178 1122 3243 Themisto

191 3265 220 3328 si
243 3285 281 3330 co
304 3266 518 3349 pervenisset,
546 3266 609 3330 sibi
632 3288 703 3331 esse
725 3266 932 3349 pereundum.
977 3266 1039 3330 hac
1061 3288 1121 3331 neo

191 3356 260 3416 tate
274 3356 406 3418 coactus
422 3353 554 3418 domino
567 3354 669 3439 naris,
689 3355 762 3438 quis
779 3354 832 3437 sit,
851 3355 965 3437 aperit,
984 3355 1089 3418 multa
1107 3377 1123 3438 p

155 3454 276 3525 tcens,
299 3441 328 3504 si
351 3462 386 3505 se
409 3445 641 3506 conservasset
677 3445 713 3506 at
735 3441 791 3506 illc
810 3441 983 3505 clarissimi
1001 3442 1064 3506 riri
1083 3464 1123 3525 ca]

190 3527 412 3592 misericordia
434 3529 519 3594 diem
541 3533 735 3612 noctemque
757 3530 870 3612 procul
890 3529 931 3593 ab
951 3529 1059 3594 insula
1075 3530 1111 3595 in
