2324 4020
384 221 416 276 X.
435 221 532 278 DION.
562 229 585 276 1.
605 229 629 277 2.
966 223 1009 288 37

404 405 447 478 Χ.
474 403 599 479 DION.

97 542 186 628 Dion,
208 542 381 627 Hipparini
396 543 497 629 filius,
517 541 747 627 Syracusanus,
769 544 873 608 nobili
892 564 1008 631 genere
1029 550 1046 613 1

26 630 119 715 natus,
156 635 293 714 utraque
330 630 516 715 implicatus
558 631 729 714 tyrannide
766 630 1008 717 Dionysiorum.

23 738 141 803 nanque
167 721 222 785 ille
251 719 399 803 superior
420 718 684 803 Aristomachen,
714 741 860 785 sororem
883 720 1010 804 Dionis,

21 805 119 872 habuit
135 808 170 873 in
188 807 406 890 matrimonio,
429 829 468 870 ex
487 828 551 889 qua
569 807 649 871 duos
672 807 768 892 filios,
791 809 1010 893 Hipparinum

20 899 47 960 et
64 895 224 978 Nisaeum,
247 895 430 980 procreavit
452 895 654 980 totidemque
677 895 777 979 filias,
799 899 929 962 nomine
955 897 1010 962 So-

10 983 189 1069 ,phrosynen
211 988 244 1049 et
267 982 399 1067 Areten,
424 1005 561 1067 quarum
583 983 726 1067 priorem
748 984 908 1069 Dionysio
932 985 1010 1069 filio,

10 1073 108 1139 laidem
135 1073 187 1138 cui
214 1093 351 1157 regnum
382 1071 529 1155 reliquit,
559 1075 699 1155 nuptum
731 1073 833 1156 dedit,
866 1075 1012 1158 alteram,

15 1160 142 1244 Areten,
163 1160 271 1225 Dioni.
317 1159 405 1224 Dion
432 1163 541 1223 autern
568 1163 698 1242 praeter
725 1181 917 1245 generosam
939 1181 1047 1245 pro-a

10 1250 220 1335 pinquitatem
246 1249 452 1331 nobilemque
480 1247 640 1311 maiorum
667 1246 789 1312 famam
816 1249 920 1313 multa
947 1250 1012 1313 alia

10 1337 49 1407 ab
68 1341 186 1402 natura
207 1337 323 1401 habuit
345 1337 440 1420 bona,
464 1336 498 1399 in
521 1335 568 1399 eis
592 1335 759 1419 ingenium
778 1337 890 1420 docile,
912 1358 1011 1421 come,

32 1429 118 1510 ptum
137 1426 178 1490 ad
196 1429 283 1489 artes
303 1425 454 1508 optimas,
472 1443 625 1508 magnam
644 1425 789 1507 corporis
808 1425 1012 1510 dignitatem,

52 1535 87 1578 ae
117 1535 183 1577 non
214 1513 385 1590 minimum
417 1511 640 1594 commendat,
676 1533 812 1597 magnas
844 1517 1012 1598 praeterea

36 1600 134 1666 'vitias
158 1602 288 1685 apatre
310 1601 451 1684 relictas,
474 1621 554 1683 quas
577 1600 646 1683 ipse
670 1602 801 1683 tyranni
824 1602 1012 1666 muneribus

69 1695 147 1754 erat.
192 1693 263 1753 erat
289 1688 424 1752 intimus
448 1686 607 1770 Dionysio
635 1688 751 1774 priori,
777 1711 881 1772 neque
905 1691 1047 1756 minusa

10 1781 138 1862 raupta
164 1798 272 1841 mores
305 1797 402 1859 quam
430 1775 634 1839 affinitatem.
679 1797 818 1859 namque
847 1777 910 1841 etsi
936 1776 1013 1842 Dio·

10 1866 92 1947 [nysii
114 1865 289 1930 crudelitas
313 1865 342 1928 ei
365 1863 574 1947 displicebat,
597 1867 707 1927 tamen
731 1864 857 1928 salvum
879 1868 1014 1948 propter

10 1942 289 2036 lascessitudinem,
316 1952 421 2037 magis
449 1952 549 2015 etiam
576 1972 709 2015 suorum
732 1973 829 2015 causa
852 1953 1013 2016 studebat.

10 2034 117 2135 laderat
140 2041 175 2105 in
196 2041 324 2126 magnis
347 2041 454 2124 rebus,
476 2039 608 2122 eiusque
632 2038 768 2103 consilio
787 2040 928 2104 multum
946 2062 1013 2105 mo-

10 2128 142 2245 pebatur
168 2133 340 2212 tyrannus,
367 2128 431 2191 nisi
455 2149 519 2210 qna
540 2127 575 2190 in
598 2148 632 2191 re
663 2127 767 2191 maior
794 2128 897 2211 ipsius
927 2129 1013 2213 cupi-

10 2208 92 2282 dius
110 2217 347 2282 intercesserat.
379 2216 558 2300 legationes
573 2236 648 2279 vero
664 2236 784 2300 omnes,
804 2237 886 2299 quae
905 2221 1014 2282 essent
1032 2236 1049 2282 4

10 2292 210 2454 fflustriores,
223 2326 281 2388 per
294 2303 434 2369 Dionem
448 2303 772 2368 administrabantur:
792 2325 872 2387 quas
884 2306 1014 2388 quidem

10 2450 12 2455 .
47 2413 64 2457 e
85 2393 257 2478 diligenter
280 2392 442 2476 obeundo,
464 2391 603 2455 fideliter
626 2391 882 2456 administrando
907 2393 1014 2457 crude-

10 2466 168 2545 lissimum
181 2502 300 2545 nornen
313 2481 444 2563 tyranni
459 2501 518 2543 sua
530 2479 735 2544 humanitate
748 2480 900 2544 leniebat.
927 2480 1013 2546 hunc
1032 2499 1048 2546 5

10 2575 29 2625 Β
54 2566 212 2652 Dionysio
240 2569 376 2632 missum
400 2567 691 2653 Karthaginienses
719 2570 763 2634 sio
790 2575 1014 2653 suspexerunt,

10 2655 47 2751 'l
61 2657 223 2722 neminem
241 2677 396 2739 umquam
416 2654 539 2721 Graeca
561 2656 675 2742 lingua
697 2657 885 2739 loquentem
908 2657 1014 2742 magia

10 2748 74 2809 ms
97 2745 257 2809 admirati.

94 2831 208 2916 Neque
219 2855 294 2898 vero
308 2832 387 2897 haec
396 2831 591 2915 Dionysium
604 2827 788 2917 fugiebant:
802 2854 878 2897 nam
891 2837 1014 2916 quanto
1034 2836 1055 2900 2

10 2924 94 2986 lueet
120 2921 185 2986 sibi
212 2924 418 3004 ornamento,
450 2921 621 2984 sentiebat.
666 2942 730 3003 quo
762 2920 862 2984 fiebat
892 2925 929 2984 ut
958 2922 1015 2986 uni

10 2992 81 3076 luia
104 3009 244 3073 maxime
267 3008 451 3094 indulgeret
472 3029 576 3091 neque
600 3030 674 3073 eum
698 3030 789 3072 secus
809 3009 959 3093 diligeret
978 3031 1016 3074 ac

10 3078 123 3190 hilium:
152 3098 208 3181 qui
231 3097 374 3181 quidem,
398 3118 471 3161 cum
494 3096 666 3161 Platonem
689 3096 866 3161 Tarentum
889 3097 1051 3162 venissen

10 3197 93 3250 &ma
111 3186 147 3250 in
166 3183 312 3250 Siciliam
330 3189 417 3249 esset
438 3185 573 3268 perlata,
597 3184 795 3248 adulescenti
812 3205 932 3269 negare
950 3206 1016 3249 non

10 3274 160 3356 latuerit,
184 3273 263 3356 quin
281 3294 356 3336 eum
374 3277 560 3356 arcesseret,
579 3295 653 3338 cunr
671 3271 759 3336 Dion
777 3272 846 3336 eius
866 3272 1015 3337 audiendi

10 3361 184 3448 npiditate
213 3361 376 3445 flagraret.
422 3361 511 3424 dedit
534 3381 611 3446 ergo
634 3360 711 3425 huic
734 3360 862 3424 veniam
886 3379 1016 3442 magna·

10 3465 63 3527 lue
94 3471 170 3515 eum
200 3449 378 3512 ambitione
402 3446 579 3532 Syracusas
602 3447 762 3530 perduxit.
809 3468 904 3530 quem
927 3445 1050 3510 Diona

10 3541 81 3606 deo
112 3537 292 3603 admiratus
320 3540 371 3602 est
399 3540 496 3621 atque
526 3535 702 3619 adamavit,
731 3539 769 3599 ut
792 3556 827 3599 se
851 3535 881 3599 ei
908 3537 1016 3599 totum
