2324 4020
348 241 569 302 11111111.
599 253 623 302 1.
643 254 667 304 a
976 250 1019 315 99

51 389 186 455 tricanus
215 391 327 456 consul
359 391 491 475 iterum,
524 392 614 457 cuius
646 392 681 456 in
709 394 817 476 priore
847 395 1019 460 consulatu

51 484 165 544 iacstor
187 477 302 561 fuerat,
327 479 431 544 voluit
454 501 527 544 eum
550 481 589 545 de
611 481 778 564 provincia
801 482 961 566 depellere
984 487 1018 547 et

51 590 81 632 11
112 568 143 632 ei
175 568 359 651 succedere,
390 589 494 651 neque
525 568 587 634 hoc
619 591 677 652 per
708 574 857 635 senatum
890 571 1017 636 efficere

51 657 132 738 ituit,
165 677 238 720 curn
268 656 397 739 quidem
426 655 535 740 Scipio
566 657 786 742 principatum
816 659 852 723 in
884 659 1016 725 civitate

51 746 187 827 uiueret,
213 744 299 826 quod
326 748 398 807 tum
423 765 489 808 non
516 746 677 830 potentia,
706 747 763 811 sed
789 746 858 811 iure
881 769 932 811 res
959 771 1016 832 pu-

53 833 97 897 111
120 832 417 897 administrabatur.
459 855 523 916 qua
546 854 584 897 ex
607 855 641 897 re
664 836 767 899 iratus
791 837 919 900 senatui
947 856 1017 901 con·

51 923 113 986 luta
126 924 259 1005 peracto
273 921 420 1004 privatus
434 920 469 984 in
486 923 566 985 urbe
586 923 713 987 mansit.
744 928 779 987 at
793 922 885 1008 Cato,
903 943 1016 990 censor
1035 940 1050 988 3

51 1033 85 1073 un
103 1010 215 1073 eodem
233 1006 351 1073 Flacco
374 1008 490 1091 factus,
513 1031 622 1074 severe
643 1011 785 1094 praefuit
802 1012 832 1076 ei
851 1014 1017 1096 potestati.

51 1120 87 1162 un
109 1102 144 1162 et
165 1097 201 1161 in
224 1098 405 1181 complures
432 1097 558 1163 nobiles
587 1099 816 1163 animadvertit
839 1105 873 1164 et
896 1102 1016 1167 multas

53 1207 186 1250 snovos
213 1185 249 1249 in
276 1186 418 1251 edictum
446 1186 582 1270 addidit,
610 1209 674 1270 qua
701 1209 735 1251 re
762 1188 891 1252 luxuria
918 1190 1017 1273 repri-

51 1280 167 1359 eretur,
190 1294 271 1356 quae
294 1273 360 1337 iam
383 1279 454 1338 tum
477 1274 653 1358 incipiebat
675 1276 842 1358 pullulare.
888 1277 1052 1341 circiters

51 1385 113 1428 mos
138 1363 314 1447 octoginta,
336 1384 438 1445 usque
462 1364 502 1427 ad
525 1368 703 1427 extremam
721 1369 863 1428 aetatem
882 1365 922 1429 ab
942 1366 1017 1430 adu·

51 1452 176 1536 scentia,
198 1451 245 1513 rei
268 1451 417 1534 publicae
441 1472 537 1515 causa
560 1453 722 1535 suscipere
745 1452 933 1517 inimicitias
950 1475 1018 1518 non

51 1541 147 1605 stitit.
180 1561 200 1602 a
214 1539 325 1602 multis
340 1544 486 1603 tentatus
504 1561 570 1604 non
588 1541 684 1604 modo
702 1541 828 1605 nullum
846 1542 1017 1607 detrimen-

51 1653 83 1693 m
110 1627 360 1693 existimationis
388 1626 479 1712 fecit,
508 1629 577 1712 sed,
605 1630 711 1712 quoad
734 1630 829 1713 vixit,
858 1630 1018 1695 virtutum

51 1719 106 1782 ude
130 1717 239 1781 crevit.

99 1805 139 1869 In
163 1804 311 1869 omnibus
335 1805 431 1869 rebus
459 1805 616 1890 singulari
645 1804 709 1869 fuit
735 1805 910 1870 industria:
941 1807 1056 1870 nam3

66 1894 208 1980 agricola
226 1893 339 1956 sollers
359 1896 392 1956 et
410 1894 533 1975 peritus
552 1893 632 1958 iuris
646 1894 812 1958 consultus
827 1898 861 1957 et
879 1915 1016 1979 magnus

51 1988 192 2067 iperator
218 1984 252 2044 et
278 1980 457 2064 probabilis
486 1986 596 2046 orator
619 1986 652 2046 11
675 1982 902 2064 cupidissimus
929 1982 1016 2046 litte·

51 2095 122 2136 ‚rum
149 2070 220 2142 suit
267 2091 402 2152 quarum
430 2070 573 2134 studium
601 2070 663 2134 etsi
691 2071 799 2134 senior
826 2070 1051 2155 arripuerat,2

51 2183 122 2225 men
145 2163 273 2223 tantum
296 2178 506 2242 progressum
536 2157 627 2242 fecit,
649 2161 687 2222 nt
713 2180 779 2223 non
806 2157 901 2223 facile
929 2181 1017 2242 repe

51 2248 198 2332 ripossit
221 2268 324 2329 neque
348 2246 385 2309 de
410 2245 543 2310 Graecis
565 2269 668 2331 neque
692 2247 730 2310 de
758 2246 882 2311 Italicis
910 2249 1017 2330 rebus,

51 2337 98 2400 iod
123 2337 152 2400 ei
179 2335 279 2398 fuerit
306 2335 518 2419 incognitum.
564 2336 603 2398 ab
632 2336 851 2401 adulescentia
879 2336 1017 2400 confecit

51 2427 186 2489 ationes.
232 2445 328 2486 senex
354 2423 510 2486 historias
540 2425 680 2487 scribere
707 2424 861 2487 instituit.
906 2439 1051 2487 11111113
1092 2445 1121 2497 ᾖ

51 2520 91 2577 nt
112 2512 190 2576 libri
213 2517 346 2594 septem.
380 2513 504 2594 primus
528 2513 672 2576 continet
695 2534 746 2575 res
769 2516 878 2596 gestas
902 2533 1017 2596 regum

51 2602 125 2686 ›puli
157 2601 313 2684 Romani,
349 2601 506 2664 secundus
539 2605 572 2664 et
608 2601 724 2664 tertius
756 2600 839 2663 unde
872 2621 1017 2683 quaeque

51 2692 129 2754 vitas
157 2696 230 2754 orte
258 2690 302 2753 sit
328 2687 457 2772 ltalica,
487 2688 529 2753 ob
558 2711 655 2772 quam
682 2711 751 2753 rem
775 2708 886 2752 omnes
912 2687 1017 2774 Origi-

51 2803 71 2844 11
106 2779 233 2842 videtur
274 2778 463 2860 appellasse.
517 2777 552 2841 in
587 2782 703 2860 quarto
746 2780 854 2840 autem
894 2776 1018 2841 bellum

51 2870 190 2932 cenicum
220 2868 270 2930 est
301 2866 455 2949 primum,
482 2865 517 2929 in
547 2866 660 2948 quinto
690 2866 874 2930 secundum.
910 2869 1052 2948 atquet

51 2979 93 3022 rec
120 2955 230 3021 omnia
257 2955 461 3036 capitulatim
490 2957 566 3017 sunt
596 2955 690 3018 dicta
736 2953 862 3037 reliqua
890 2975 1018 3038 quoque

51 3047 100 3110 ella
126 3045 198 3128 pari
225 3043 321 3107 modo
348 3047 537 3125 persecutus
561 3046 735 3124 estusque
763 3042 804 3105 ad
831 3046 1018 3125 praeturam

51 3155 83 3199 rr.
116 3131 238 3198 Galbae
245 3181 254 3214 ,
286 3130 342 3214 qui
373 3131 508 3213 diripuit
539 3129 734 3194 Lusitanos:
771 3134 869 3213 atque
899 3130 1018 3195 horum

51 3223 174 3288 illorum
207 3221 303 3284 duces
329 3240 394 3282 non
426 3219 619 3302 nominavit,
652 3219 708 3282 sed
736 3217 804 3282 sine
831 3218 1017 3281 nominibus

51 3334 65 3375 s
92 3309 229 3376 notavit.
273 3309 308 3371 in
335 3307 455 3371 eisdem
483 3307 644 3390 exposuit,
675 3329 757 3389 quae
784 3306 819 3369 in
841 3305 939 3368 ltalia
960 3303 1018 3368 Hi·

54 3401 200 3482 aniisque
225 3398 295 3476 [aut
317 3396 432 3458 fierent
455 3399 524 3476 aut]
548 3396 732 3459 viderentur
755 3393 953 3457 admiranda:
983 3392 1018 3455 in

51 3490 131 3554 ribus
155 3486 261 3550 multa
281 3484 442 3549 industria
465 3488 499 3548 et
525 3483 696 3568 diligentia
723 3485 901 3566 comparet,
927 3479 1018 3545 nulla

51 3579 170 3645 ctrina.

823 3673 859 3723 71
