2324 4020
347 223 423 305 xx.
442 249 640 306 rinonaor.
669 255 694 305 s.
996 253 1039 316 85

27 395 118 477 quod
146 394 282 478 quisque
309 394 421 478 vellet,
453 394 580 480 legibus
613 395 751 478 experiri
778 397 900 460 liceret.
944 396 1074 481 idem,s

29 503 105 546 cum
133 482 265 564 quidam
292 482 465 566 Laphystii
493 482 623 566 similis,
653 484 784 548 nomine
812 483 1039 567 Demaenetus,

31 570 65 633 in
88 570 240 634 contione
263 570 375 653 populi
399 570 437 634 de
456 571 552 634 rebus
572 571 674 656 gestis
694 572 762 635 eius
782 571 951 637 detrahere
970 594 1039 637 oce·

32 658 136 741 pisset
163 679 199 722 ao
225 658 382 722 nonnulla
410 658 616 722 inveheretur
643 659 677 722 in
704 659 925 744 Timoleonta,
957 660 1039 724 dixit

35 767 117 810 nuuc
140 745 269 810 demum
293 768 326 810 se
349 745 419 810 voti
442 767 512 810 essa
536 747 737 812 damnatum:
767 769 907 831 namque
934 749 996 813 hoc
1020 769 1039 810 a

37 833 81 897 dis
110 833 350 898 immortalibus
379 855 506 917 semper
536 839 718 919 precatum,
749 839 787 900 ut
814 837 914 900 talem
944 836 1039 900 liber-

39 924 136 985 tatem
154 922 342 986 restitueret
356 919 577 1006 Syracusanis,
600 922 634 987 in
658 944 722 1005 qua
744 924 846 988 cuivis
869 923 982 988 liceret
1000 925 1039 987 de

41 1029 97 1091 qno
120 1009 220 1073 vellet
241 1012 323 1091 qaod
342 1011 428 1074 vellet
449 1011 581 1093 impune
604 1010 717 1075 dicere.

120 1096 185 1162 Hio
208 1120 281 1163 oum
304 1097 389 1162 diem
408 1120 594 1181 supremum
613 1098 745 1182 obisset,
768 1100 897 1183 publice
912 1123 932 1163 a
946 1098 1075 1182 Syra-4

44 1185 162 1250 cusanis
190 1184 224 1249 in
247 1186 432 1271 gymnasio,
462 1186 548 1268 quod
570 1185 830 1252 Timoleonteum
849 1188 1040 1272 appellatur,

44 1275 106 1337 tota
128 1273 312 1339 celebrante
337 1272 448 1338 Sicilia
471 1274 617 1357 sepultus
641 1277 699 1338 est.

321 1575 415 1646 XXI.
443 1574 506 1645 DE
534 1573 749 1648 REGIBUS.

122 1712 168 1777 Hi
181 1711 248 1777 fere
262 1711 394 1776 fuerunt
409 1710 550 1776 Graecae
564 1713 670 1798 gentis
686 1712 791 1797 duces,
810 1713 865 1796 qui
884 1713 1040 1778 memoria
1060 1714 1076 1776 l

47 1799 125 1888 digni
148 1801 327 1884 uideantur,
349 1803 478 1883 praeter
501 1821 608 1886 reges:
637 1822 776 1883 namque
800 1822 854 1864 cos
879 1802 1039 1888 attingere

46 1889 209 1972 noluimus,
232 1888 317 1972 quod
341 1889 485 1952 omnium
503 1909 554 1952 res
574 1892 685 1972 gestae
704 1889 976 1972 separatim'sunt
993 1911 1040 1953 re

46 1974 129 2042 latae.
161 1998 264 2060 neque
288 1981 397 2040 tamen
419 1975 443 2038 ii
462 1975 634 2040 admodum
654 1980 729 2040 sunt
748 1976 852 2039 multi.
884 1976 1075 2041 Lacedae-‘r

46 2066 163 2130 nonius
188 2068 296 2128 autem
318 2063 491 2148 Agesilaus
518 2065 663 2147 nomine,
691 2086 757 2127 non
784 2068 948 2148 potestate
975 2064 1039 2129 fuit

46 2171 101 2237 rex,
124 2153 210 2217 sicut
229 2152 327 2217 ceteri
343 2150 504 2234 Spartani.
538 2174 577 2216 ex
595 2152 637 2215 iis
655 2173 740 2236 vero,
764 2152 820 2235 qui
838 2152 1041 2217 dominatum

45 2238 172 2326 imperio
187 2244 369 2322 tenuerunt,
392 2239 655 2303 excellentissimi
673 2239 814 2324 fuerunt,
832 2244 870 2305 ut
882 2263 943 2306 nos
962 2241 1041 2306 iudi·

45 2348 156 2412 camus,
170 2327 341 2392 Persarum
356 2326 459 2410 Cyrus
474 2331 507 2391 et
521 2326 649 2411 Darius,
668 2327 827 2411 Hystaspi
845 2328 941 2413 filius,
965 2350 1041 2411 quo·

44 2435 108 2480 rum
121 2420 257 2499 uterque
271 2415 417 2499 privatus
431 2415 552 2479 virtute
565 2437 701 2501 regnum
716 2420 766 2479 est
779 2416 924 2499 adeptus.
951 2417 1041 2500 prior

43 2500 153 2570 horum
177 2504 260 2587 apud
278 2502 480 2588 Massagetas
503 2503 537 2567 iu
560 2503 685 2586 proelio
704 2503 828 2586 cecidit,
850 2502 969 2568 Darius
994 2524 1040 2567 se

10 2642 12 2647 .
42 2595 168 2658 neotute
200 2591 284 2654 diem
313 2591 396 2655 obiit
428 2613 622 2675 supremum.
667 2594 734 2655 tres
767 2595 843 2655 sunt
873 2595 1041 2674 praeterea
1059 2609 1074 2654 a

42 2680 180 2745 eiusdem
203 2679 323 2763 gentis:
345 2677 467 2742 Xerxes
490 2683 523 2742 et
546 2679 609 2743 duo
628 2679 837 2762 Artaxerxae,
859 2677 1041 2744 Macrochir

42 2767 228 2854 cognomine
243 2771 276 2830 et
289 2765 452 2831 Mnemon.
474 2766 573 2830 Xerxi
588 2767 726 2830 maxime
741 2771 791 2830 est
805 2767 941 2852 illustre,
956 2768 1042 2851 qnod

40 2855 187 2920 maximis
201 2858 277 2938 post
289 2854 457 2918 hominum
472 2855 661 2918 memoriam
675 2855 870 2919 exercitibus
880 2859 968 2919 terra
977 2877 1042 2918 ma-

40 2944 127 3027 rique
141 2942 264 3007 bellum
279 2942 392 3006 intulit
407 2941 568 3007 Graeciae.
592 2947 626 3006 at
639 2942 823 3007 Macrochir
836 2943 1042 3027 praecipuam
1060 2959 1075 3004 r

39 3027 136 3097 habet
144 3030 274 3094 laudem
283 3030 502 3113 amplissimae
514 3031 813 3114 pulcherrimaeque
824 3031 969 3114 corporis
979 3030 1042 3095 for-

38 3137 116 3204 mae,
132 3139 231 3202 quam
245 3117 426 3183 incredibili
440 3119 568 3183 ornavit
580 3119 701 3182 virtute
716 3117 808 3182 belli:
829 3140 969 3201 namque
983 3119 1041 3182 illo

36 3202 152 3273 Perses
160 3226 257 3270 nemo
267 3227 364 3270 manu
378 3206 442 3270 fuit
456 3205 582 3271 fortior.
605 3204 760 3270 Mnemon
774 3210 882 3270 autem
896 3205 1041 3269 iustitiae

34 3295 123 3360 lama
136 3293 257 3358 floruit.
274 3315 351 3357 uam
361 3316 434 3358 cum
448 3295 562 3358 matris
578 3315 654 3358 snae
664 3294 784 3359 scelere
794 3293 957 3357 amisisset
966 3313 1042 3357 uxo-

32 3403 113 3468 rem,
131 3380 265 3446 tantum'
279 3381 415 3445 indulsit
428 3381 542 3465 dolori,
559 3386 597 3447 ut
611 3404 684 3446 eum
698 3382 803 3465 pietas
817 3381 969 3445 vinceret.
1003 3401 1042 3442 ex
1060 3396 1074 3443 o

31 3470 84 3538 his
104 3471 169 3534 duo
187 3468 299 3534 eodem
316 3469 447 3533 nomine
464 3471 578 3534 morbo
592 3474 727 3534 naturae
742 3468 887 3532 debitum
900 3466 1042 3530 reddide

28 3563 119 3643 runt,
135 3557 254 3622 tertius
265 3559 306 3621 ab
315 3557 481 3622 Artabano
490 3556 654 3641 praefecto
665 3557 751 3622 ferro
761 3556 975 3638 interemptus
984 3557 1042 3618 est.
