2324 4020
287 239 385 294 xxm.
404 238 599 298 HANNIBAL.
628 246 652 296 τ.
671 246 696 296 e.
807 260 812 274 ·
960 243 1002 308 93

10 405 53 466 [ue
77 382 217 448 tratrem
240 385 308 448 eius
331 383 514 470 Magonem.
558 385 621 449 hoc
649 407 804 469 responso
828 386 1038 471 Karthagie

10 471 124 537 denses
149 471 280 556 cognito
304 471 523 537 Hannibalem
546 473 678 537 domum
702 477 735 538 et
757 472 933 560 Magonem
956 497 1003 540 re·

10 563 162 625 bearunt.
206 560 270 625 huc
296 564 334 624 ut
361 560 471 644 rediit,
503 582 559 624 rex
591 560 698 625 factus
731 566 795 647 est,
826 567 1003 647 postquam

10 647 594 821 ttfftttd’tlnldllgt.
607 649 1003 820 dlltldldltl

10 793 12 798 '
293 787 301 820 5

10 845 89 909 eges
114 824 316 888 creabantur.
351 825 386 888 in
404 846 441 889 eo
465 823 663 910 magistratu
684 825 756 909 pari
780 827 949 913 diligentia
968 840 1037 892 ses

10 911 162 976 Iannibal
184 912 344 996 praebuit,
367 934 404 978 ac
426 912 533 977 fuerat
556 913 591 977 in
609 913 704 978 bello.
738 936 878 998 namque
898 915 1004 980 effecit

10 1023 35 1064 ex
52 1000 147 1065 novis
166 1000 380 1085 vectigalibus
399 1022 465 1065 non
483 1001 590 1065 solum
603 1005 641 1065 ut
656 1006 743 1066 esset
755 1005 902 1088 pecunia,
921 1025 1002 1087 quae

10 1087 153 1152 tomanis
177 1110 217 1152 ex
238 1088 366 1153 foedere
388 1090 591 1173 penderetur,
613 1090 670 1153 sed
692 1091 792 1154 etiam
812 1097 1004 1175 superesset,

10 1198 78 1260 puae
101 1176 136 1240 in
159 1177 283 1241 aerario
302 1180 521 1260 reponeretur.
555 1177 668 1242 deinde
694 1179 791 1258 [anno
814 1183 891 1261 post
913 1194 1038 1263 praee
1119 1244 1123 1253 ,

10 1266 118 1345 uram]
143 1262 187 1328 M.
211 1263 346 1330 Claudio
369 1263 405 1328 L.
429 1264 528 1329 Furio
557 1265 742 1330 consulibus
765 1264 871 1330 Roma
901 1266 1003 1351 legati

10 1350 237 1438 Karthaginem
263 1357 428 1417 uenerunt.
471 1353 533 1417 hos
560 1351 725 1416 Hannibal
755 1358 846 1418 ratus
875 1355 925 1418 sui
953 1377 1004 1418 ex-

10 1441 151 1523 poscendi
169 1440 277 1525 gratia
295 1441 422 1524 missos,
445 1441 634 1524 priusquam
652 1440 693 1505 iis
712 1446 844 1506 senatus
864 1443 1003 1526 daretur,

10 1549 113 1593 navem
136 1529 282 1593 aseendit
304 1529 388 1593 elam
411 1532 509 1611 atque
531 1529 566 1592 in
590 1527 717 1612 Syriam
740 1531 781 1594 ad
803 1530 1004 1595 Antiochum

10 1616 151 1702 perfugit
184 1617 246 1682 hac
269 1638 303 1680 re
326 1617 435 1700 palam
458 1616 545 1682 faeta
562 1616 663 1681 Poeni
686 1639 784 1682 naves
808 1619 897 1704 duas,
921 1641 1002 1702 quae
1023 1633 1038 1681 7

10 1725 73 1769 eum
96 1704 412 1790 comprehenderent,
435 1705 462 1769 si
485 1708 620 1788 possent
643 1706 812 1790 consequi,
836 1707 1004 1791 miserunt,

10 1791 85 1858 bena
111 1793 181 1857 eius
208 1793 429 1876 publicarunt,
458 1793 589 1857 domum
617 1814 637 1856 a
663 1791 881 1858 frmdamentis
911 1795 1003 1858 disie-

10 1885 121 1966 cerunt,
143 1881 250 1963 ipsum
273 1880 399 1944 exulem
420 1880 614 1945 iudicarunt.

87 1967 134 2033 At
156 1967 319 2032 Hannibal
343 1990 426 2032 anno
439 1973 580 2052 quarto,
609 1971 785 2052 postquam
812 1970 907 2033 domo
931 1991 1003 2052 pro·
1022 1971 1042 2034 8

10 2053 137 2142 fugerat,
159 2055 196 2120 L.
209 2055 360 2122 Cornelio
380 2056 416 2132 Q.
431 2055 573 2121 Minucio
597 2056 793 2141 consulibus,
816 2078 890 2121 cum
913 2057 1003 2141 quin-

12 2163 63 2227 que
83 2145 221 2210 naribus
235 2144 382 2209 Africam
405 2145 542 2209 accessit
564 2145 599 2208 in
621 2144 740 2208 finibus
755 2143 1004 2229 Cyrenaeorum,

12 2232 140 2299 ciforte
168 2232 457 2318 Karthaginienses
485 2233 525 2296 ad
555 2232 677 2297 bellum
709 2233 859 2298 inducere
891 2238 1015 2318 posset·

12 2318 155 2387 Antiochi
178 2343 235 2406 spe
257 2321 446 2404 fiduciaque,
478 2321 529 2385 cui
552 2321 618 2384 iam
641 2325 847 2403 persuaserat
869 2326 907 2386 ut
930 2344 1004 2386 eum

12 2410 194 2475 exercitibus
217 2409 252 2472 in
274 2408 406 2473 Italiam
434 2409 702 2491 proficisceretur.
743 2409 807 2475 hue
830 2409 1002 2495 Magonem

12 2493 135 2563 fratrem
152 2497 284 2562 excivit
328 2496 362 2561 id
384 2497 441 2562 ubi
464 2496 565 2561 Poeni
588 2497 800 2580 resciverunt,
830 2496 1003 2581 Magonem
1023 2514 1038 2560 a

11 2587 126 2670 eedem,
149 2607 213 2669 qua
234 2585 382 2668 fratrem,
405 2586 574 2649 absentem
597 2583 773 2649 affecerunt
795 2606 908 2668 poena.
953 2584 1003 2647 illi

12 2671 178 2759 desperatis
204 2673 301 2737 rebus
325 2695 398 2737 oum
428 2673 601 2738 solvissent
622 2694 721 2737 naves
744 2694 781 2737 ac
805 2672 876 2737 vela
898 2672 1003 2737 ventis

12 2759 178 2846 dedissent,
200 2760 366 2826 Hannibal
389 2762 429 2825 ad
451 2760 652 2825 Antiochum
674 2760 829 2844 pervenit.
876 2760 914 2825 de
937 2759 1003 2825 Ma-

11 2852 93 2932 gonis
121 2850 257 2915 interitu
283 2849 401 2932 duplex
427 2849 585 2914 memoria
612 2849 742 2932 prodita
765 2852 828 2913 est:
864 2870 1003 2931 namque

11 2937 55 3003 dii
80 2937 267 3023 naufragio,
294 2937 350 3000 alii
374 2959 393 3000 a
416 2937 551 3002 servulis
573 2936 676 3020 ipsius
699 2936 907 3002 interfectum
930 2959 1003 3002 eum

10 3028 158 3112 seriptum
180 3025 389 3109 reliquenmt.
425 3024 607 3089 Antiochus
631 3028 741 3088 autem
764 3025 880 3089 sitam
898 3025 933 3088 in
951 3046 1003 3110 ge·
1023 3041 1037 3088 3

10 3117 97 3182 ando
125 3114 212 3179 bello
239 3113 383 3179 consiliis
411 3114 479 3179 eius
506 3135 618 3196 parere
646 3113 816 3196 voluisset,
844 3135 942 3196 quam
969 3113 1003 3176 in

10 3203 203 3287 uscipiendo
225 3201 425 3284 instituerat,
446 3201 579 3284 propius
598 3199 710 3264 Tiberi
733 3222 831 3284 quam
852 3202 888 3264 ia
906 3200 1003 3264 Ther-

10 3291 140 3378 bopylis
171 3290 212 3354 de
242 3311 369 3354 summa
399 3288 529 3372 imperii
562 3288 757 3354 dimicasset.
813 3309 908 3371 quem
940 3287 1002 3351 etsi

10 3381 101 3448 culta
124 3378 226 3442 stulte
248 3378 359 3443 conari
381 3377 525 3461 ridebat,
555 3380 665 3441 tamen
691 3377 782 3440 nulla
805 3374 946 3439 deseruit
968 3373 1002 3436 in

10 3493 32 3540 e.
73 3465 219 3552 praefuit
237 3466 348 3549 paucis
365 3466 513 3550 navibus,
536 3486 616 3548 quas
635 3486 673 3528 ex
694 3462 788 3546 Syria
805 3462 913 3527 iussus
932 3463 1036 3525 erate

10 3585 21 3627 ι
45 3555 169 3624 Asiam
192 3554 315 3639 ducere,
338 3553 442 3637 iisque
465 3554 618 3618 adversus
640 3550 843 3615 Rhodiorum
866 3548 1002 3613 classem
