2324 4020
332 233 432 289 XVIII.
450 231 631 289 EUMENES.
659 238 754 287 9-11.
1005 234 1024 296 7
1028 234 1048 296 7

61 379 190 463 sidant,
212 382 250 443 ut
272 377 464 443 assimulata
486 382 668 442 castrorum
691 378 923 442 consuetudine
945 378 1048 460 suspi·
1066 394 1084 440 4

61 489 168 532 ,onem
195 465 331 531 iniciant
356 465 521 548 hostibus,
550 465 592 530 iis
620 465 700 530 locis
724 488 795 530 esse
818 471 927 530 castra
949 487 986 530 ac
1009 466 1048 530 de

61 577 155 619 orum
178 554 318 618 adventu
341 575 411 618 esse
433 553 712 638 praenuntiatum
741 553 890 637 idemque
916 557 1049 636 postera

61 646 137 708 octe
155 641 288 706 faciant.
320 641 438 724 quibus
456 640 652 724 imperatum
670 644 750 724 erat,
768 641 942 726 diligenter
958 662 1049 725 prae·
1068 657 1083 702 5

61 734 173 813 aptum
191 733 315 794 curant.
350 727 538 814 Antigonus
557 727 700 793 tenebris
720 729 846 794 obortis
864 729 956 814 ignes
976 749 1049 792 con·

61 819 201 900 ipicatur:
233 817 337 882 credit
363 817 403 881 de
430 837 489 881 suo
513 815 653 880 adventu
676 838 747 881 esse
770 816 917 881 auditum
940 820 974 881 et
997 816 1049 880 ad-

61 905 203 970 ursarios
217 905 295 969 illuc
309 925 384 968 suas
398 903 599 968 contraxisse
613 904 732 987 copias.
756 909 862 969 mutat
876 904 1048 969 consilium
1067 919 1083 966 6

61 997 93 1076 et,
117 993 270 1076 quoniam
295 992 517 1076 imprudentes
545 991 665 1055 adoriri
691 1014 757 1057 non
787 996 914 1076 posset,
945 992 1049 1057 flectit

61 1080 108 1144 iter
129 1102 224 1144 suum
242 1084 276 1145 et
295 1079 390 1144 illum
408 1077 590 1143 anfractum
608 1079 790 1163 longiorem
809 1080 959 1164 copiosae
977 1080 1048 1144 riae

61 1168 132 1251 capit
153 1168 263 1252 ibique
285 1167 372 1231 diem
393 1189 494 1231 unum
512 1166 680 1248 opperitur
699 1167 740 1230 ad
758 1166 984 1232 lassItudinem
1003 1189 1049 1232 sa

61 1255 181 1319 dandam
204 1255 347 1318 militum
365 1276 403 1319 ao
420 1254 593 1319 reficienda
610 1254 764 1338 iumenta,
788 1276 852 1337 quo
870 1255 1049 1338 integriore

61 1343 189 1408 exercitu
211 1343 405 1407 decerneret.

133 1429 187 1495 Sic
204 1427 376 1495 Eumenes
389 1429 541 1495 callidum
562 1430 793 1514 imperatorem
814 1430 893 1495 vicit
912 1430 1047 1494 consilio
1061 1429 1103 1493 10

61 1517 308 1600 celeritatemque
334 1517 504 1602 impedivit
531 1517 614 1600 eius,
640 1539 744 1600 neque
772 1522 882 1583 tamen
897 1519 1049 1582 multum

61 1605 191 1686 profecit.
235 1627 311 1670 nam
333 1605 455 1669 invidia
477 1606 607 1688 ducum,
631 1627 704 1670 cum
728 1606 845 1689 quibus
869 1611 952 1689 erat,
979 1628 1049 1689 per·
1068 1622 1084 1668 2

61 1690 183 1777 fidisque
200 1692 414 1758 Macedonum
435 1696 671 1776 veteranorum,
694 1715 768 1757 cum
791 1695 939 1776 superior
958 1715 1049 1778 proc-

60 1777 93 1844 lio
114 1781 324 1864 discessisset,
354 1779 522 1865 Antigono
545 1784 596 1845 est
618 1781 760 1864 deditus,
792 1802 866 1844 eum
880 1781 1048 1846 exercitus

61 1867 83 1929 ei
100 1872 149 1933 ter
171 1872 247 1933 ante
270 1869 429 1952 separatis
452 1868 654 1951 temporibus
681 1869 822 1933 iurasset
845 1890 879 1932 se
902 1891 976 1933 eum
998 1869 1049 1931 de-

61 1952 211 2020 fensurum
232 1978 336 2039 neque
358 1977 513 2038 umquam
535 1956 746 2020 deserturum.
792 1955 847 2020 sed
870 1959 963 2019 tanta
985 1955 1049 2018 fuit

61 2043 274 2109 nonnullorum
300 2043 432 2107 virtutis
462 2043 672 2126 obtrectatio,
703 2047 742 2106 ut
769 2043 865 2107 fidem
897 2043 1048 2107 amittere

61 2131 181 2196 mallent
208 2153 306 2215 quam
332 2153 406 2196 eum
432 2153 499 2195 non
527 2132 669 2214 perdere.
715 2135 813 2213 atque
843 2131 928 2195 hunc
955 2129 1083 2194 Anti-3

61 2237 163 2302 genus,
190 2241 264 2284 cum
287 2219 317 2284 ei
339 2218 456 2283 fuisset
482 2218 728 2300 infestissimus,
755 2223 992 2303 conservasset,
1020 2219 1049 2283 si

61 2323 105 2384 per
126 2327 203 2371 suos
226 2311 312 2371 esset
329 2306 465 2390 licitum,
488 2307 575 2389 quod
592 2308 633 2370 ab
651 2307 742 2371 nullo
761 2328 796 2371 se
813 2306 889 2391 plus
903 2307 1049 2371 adiuvari

61 2411 141 2472 posse
164 2394 377 2480 intellegebat
398 2395 433 2458 in
456 2394 502 2458 eis
525 2395 636 2477 rebus,
664 2416 744 2477 quas
772 2395 956 2477 impendere
983 2393 1050 2456 iam

61 2483 224 2565 apparebat
247 2481 407 2546 omnibus.
436 2482 650 2546 imminebant
668 2483 755 2546 enim
775 2480 936 2564 Seleucus,
958 2480 1050 2562 Lysi·

61 2571 189 2653 machus,
208 2569 423 2652 Ptolemaeus,
446 2569 563 2652 opibus
581 2569 648 2633 iam
665 2570 820 2652 valentes,
839 2591 912 2632 cum
931 2567 1048 2652 quibus

61 2657 77 2720 i
98 2658 137 2722 de
161 2657 295 2722 summis
318 2657 414 2722 rebus
438 2660 509 2721 erat
532 2657 757 2721 dimicandum.
795 2657 851 2720 sed
872 2677 939 2720 non
960 2656 1049 2739 passi
1067 2671 1085 2718 4

61 2750 122 2809 unt
140 2745 165 2808 ii
184 2746 239 2827 qui
258 2745 344 2810 circa
362 2748 463 2827 erant,
485 2745 571 2827 quod
589 2745 742 2809 videbant
755 2743 900 2808 Eumene
919 2748 1048 2827 recepto

61 2854 158 2897 »mnes
180 2854 258 2916 prae
280 2832 337 2896 illo
360 2832 452 2916 parvi
473 2831 612 2896 futuros.
648 2832 718 2914 ipse
735 2836 845 2896 autem
863 2829 1049 2916 Antigonus

61 2922 125 2986 ‚deo
154 2924 225 2984 erat
250 2919 414 3003 incensus,
444 2923 482 2983 ut
508 2919 573 2983 nisi
601 2940 720 3004 magna
747 2941 804 3003 spe
836 2919 1050 2983 maximarum

61 3030 155 3074 erum
177 3006 273 3072 leniri
294 3028 361 3071 non
382 3010 503 3092 posset.

132 3093 249 3179 ltaque
272 3117 346 3159 cum
369 3116 442 3159 eum
464 3095 499 3158 in
521 3094 702 3159 custodiam
729 3094 872 3159 dedisset
899 3098 933 3158 et
960 3115 1049 3176 prae·
1062 3093 1100 3157 ll

61 3188 150 3250 ectus
175 3183 345 3247 custodum
369 3183 563 3265 quaesisset,
590 3203 687 3264 quem
710 3181 750 3245 ad
773 3182 906 3246 modum
929 3180 1051 3245 servari

61 3273 153 3353 ellet,
171 3268 220 3333 ‘ut
239 3269 441 3335 acerrimum'
456 3269 564 3352 inquit
582 3268 720 3334 ‘leonem
738 3273 796 3333 aut
812 3268 1051 3333 ferocissimum

61 3357 280 3444 lephantum':
303 3357 446 3421 nondum
465 3357 551 3421 enim
570 3360 738 3440 statuerat,
757 3359 963 3420 conservaret
977 3376 1051 3417 eum

61 3468 154 3514 eone.
190 3444 341 3509 veniebat
364 3449 473 3509 autem
496 3445 536 3507 ad
554 3443 733 3508 Eumenem
756 3448 929 3525 utrumque
948 3454 1086 3525 genuss

61 3535 222 3615 ominum,
245 3536 278 3596 et
297 3532 352 3615 qui
370 3536 505 3616 propter
523 3531 632 3595 odium
650 3530 793 3595 fructum
808 3529 909 3595 oculis
925 3551 963 3593 ex
981 3528 1050 3594 eius
