<?xml version="1.0" encoding="UTF-8"?>
<!DOCTYPE html PUBLIC "-//W3C//DTD XHTML 1.0 Transitional//EN"
    "http://www.w3.org/TR/xhtml1/DTD/xhtml1-transitional.dtd">
<html xmlns="http://www.w3.org/1999/xhtml" xml:lang="en" lang="en">
 <head>
  <title>
</title>
<meta http-equiv="Content-Type" content="text/html;charset=utf-8" />
  <meta name='ocr-system' content='tesseract 3.04.00' />
  <meta name='ocr-capabilities' content='ocr_page ocr_carea ocr_par ocr_line ocrx_word'/>
</head>
<body>
  <div class='ocr_page' id='page_1' title='image "./corneliinepotis00flecgoog_0129.png"; bbox 0 0 2324 4020; ppageno 0'>
   <div class='ocr_carea' id='block_1_1' title="bbox 324 155 1030 262">
    <p class='ocr_par' dir='ltr' id='par_1_1' title="bbox 324 155 1030 262">
     <span class='ocr_line' id='line_1_1' title="bbox 324 155 1030 262; baseline 0.013 -9"><span class='ocrx_word' id='word_1_1' title='bbox 324 199 409 256; x_wconf 79' lang='lat' dir='ltr'>xxv.</span> <span class='ocrx_word' id='word_1_2' title='bbox 428 198 587 254; x_wconf 65' lang='lat' dir='ltr'>hiulcus,</span> <span class='ocrx_word' id='word_1_3' title='bbox 614 204 657 256; x_wconf 80' lang='lat'>21.</span> <span class='ocrx_word' id='word_1_4' title='bbox 677 205 719 254; x_wconf 78' lang='lat' dir='ltr'>aa.</span> <span class='ocrx_word' id='word_1_5' title='bbox 965 155 1030 262; x_wconf 84' lang='lat' dir='ltr'>na</span> 
     </span>
    </p>
   </div>
   <div class='ocr_carea' id='block_1_2' title="bbox 15 341 1077 2883">
    <p class='ocr_par' dir='ltr' id='par_1_2' title="bbox 20 341 1064 1480">
     <span class='ocr_line' id='line_1_2' title="bbox 20 341 1029 424; baseline 0 -19"><span class='ocrx_word' id='word_1_6' title='bbox 20 341 119 407; x_wconf 91' lang='lat' dir='ltr'>iussit</span> <span class='ocrx_word' id='word_1_7' title='bbox 152 347 186 408; x_wconf 92' lang='lat' dir='ltr'>et</span> <span class='ocrx_word' id='word_1_8' title='bbox 219 364 292 407; x_wconf 90' lang='lat' dir='ltr'>cum</span> <span class='ocrx_word' id='word_1_9' title='bbox 319 365 357 408; x_wconf 90' lang='lat' dir='ltr'>eo</span> <span class='ocrx_word' id='word_1_10' title='bbox 384 342 420 407; x_wconf 80' lang='lat' dir='ltr'>L.</span> <span class='ocrx_word' id='word_1_11' title='bbox 449 341 634 409; x_wconf 79' lang='lat' dir='ltr'>Cornelium</span> <span class='ocrx_word' id='word_1_12' title='bbox 661 343 803 408; x_wconf 84' lang='lat' dir='ltr'><strong>Balbum</strong></span> <span class='ocrx_word' id='word_1_13' title='bbox 831 341 1029 424; x_wconf 76' lang='lat' dir='ltr'><strong>Sextumque</strong></span> 
     </span>
     <span class='ocr_line' id='line_1_3' title="bbox 21 428 1064 514; baseline 0.002 -20"><span class='ocrx_word' id='word_1_14' title='bbox 21 428 235 496; x_wconf 80' lang='lat' dir='ltr'>Peducaeum.</span> <span class='ocrx_word' id='word_1_15' title='bbox 271 430 332 496; x_wconf 92' lang='lat' dir='ltr'>hos</span> <span class='ocrx_word' id='word_1_16' title='bbox 350 435 388 495; x_wconf 93' lang='lat' dir='ltr'>ut</span> <span class='ocrx_word' id='word_1_17' title='bbox 410 432 537 496; x_wconf 85' lang='lat' dir='ltr'>venisse</span> <span class='ocrx_word' id='word_1_18' title='bbox 559 431 651 514; x_wconf 86' lang='lat' dir='ltr'>vidit,</span> <span class='ocrx_word' id='word_1_19' title='bbox 673 432 707 495; x_wconf 93' lang='lat' dir='ltr'>in</span> <span class='ocrx_word' id='word_1_20' title='bbox 730 431 877 496; x_wconf 91' lang='lat' dir='ltr'>cubitum</span> <span class='ocrx_word' id='word_1_21' title='bbox 899 429 1064 496; x_wconf 76' lang='lat' dir='ltr'>innixuss</span> 
     </span>
     <span class='ocr_line' id='line_1_4' title="bbox 23 516 1028 604; baseline -0.002 -22"><span class='ocrx_word' id='word_1_22' title='bbox 23 516 202 601; x_wconf 75' lang='lat' dir='ltr'>‘quantam’</span> <span class='ocrx_word' id='word_1_23' title='bbox 220 519 329 602; x_wconf 91' lang='lat' dir='ltr'>inquit</span> <span class='ocrx_word' id='word_1_24' title='bbox 351 519 474 584; x_wconf 78' lang='lat' dir='ltr'>‘curam</span> <span class='ocrx_word' id='word_1_25' title='bbox 497 519 764 604; x_wconf 76' lang='lat' dir='ltr'>diligentiamque</span> <span class='ocrx_word' id='word_1_26' title='bbox 787 519 822 583; x_wconf 89' lang='lat' dir='ltr'>in</span> <span class='ocrx_word' id='word_1_27' title='bbox 843 517 1028 582; x_wconf 80' lang='lat' dir='ltr'>valetudine</span> 
     </span>
     <span class='ocr_line' id='line_1_5' title="bbox 25 605 1027 690; baseline -0.001 -21"><span class='ocrx_word' id='word_1_28' title='bbox 25 626 94 670; x_wconf 89' lang='lat' dir='ltr'>mea</span> <span class='ocrx_word' id='word_1_29' title='bbox 117 607 238 670; x_wconf 87' lang='lat' dir='ltr'>tuenda</span> <span class='ocrx_word' id='word_1_30' title='bbox 259 605 322 670; x_wconf 91' lang='lat' dir='ltr'>hoc</span> <span class='ocrx_word' id='word_1_31' title='bbox 345 610 492 690; x_wconf 91' lang='lat' dir='ltr'>tempore</span> <span class='ocrx_word' id='word_1_32' title='bbox 515 607 727 690; x_wconf 78' lang='lat' dir='ltr'>adhibuerim,</span> <span class='ocrx_word' id='word_1_33' title='bbox 750 627 824 670; x_wconf 89' lang='lat' dir='ltr'>eum</span> <span class='ocrx_word' id='word_1_34' title='bbox 843 626 901 670; x_wconf 80' lang='lat' dir='ltr'>vos</span> <span class='ocrx_word' id='word_1_35' title='bbox 925 609 1027 669; x_wconf 88' lang='lat' dir='ltr'>testes</span> 
     </span>
     <span class='ocr_line' id='line_1_6' title="bbox 23 692 1028 779; baseline -0.002 -21"><span class='ocrx_word' id='word_1_36' title='bbox 23 692 174 778; x_wconf 81' lang='lat' dir='ltr'>habeam,</span> <span class='ocrx_word' id='word_1_37' title='bbox 202 694 285 758; x_wconf 84' lang='lat' dir='ltr'>nihil</span> <span class='ocrx_word' id='word_1_38' title='bbox 307 716 438 759; x_wconf 89' lang='lat' dir='ltr'>necesse</span> <span class='ocrx_word' id='word_1_39' title='bbox 461 700 512 759; x_wconf 88' lang='lat' dir='ltr'>est</span> <span class='ocrx_word' id='word_1_40' title='bbox 533 695 682 779; x_wconf 91' lang='lat' dir='ltr'>pluribus</span> <span class='ocrx_word' id='word_1_41' title='bbox 704 695 812 759; x_wconf 83' lang='lat' dir='ltr'>verbis</span> <span class='ocrx_word' id='word_1_42' title='bbox 836 715 1028 758; x_wconf 89' lang='lat' dir='ltr'>commemo·</span> 
     </span>
     <span class='ocr_line' id='line_1_7' title="bbox 24 781 1027 867; baseline 0 -22"><span class='ocrx_word' id='word_1_43' title='bbox 24 802 102 846; x_wconf 90' lang='lat' dir='ltr'>rare.</span> <span class='ocrx_word' id='word_1_44' title='bbox 148 782 266 865; x_wconf 93' lang='lat' dir='ltr'>quibus</span> <span class='ocrx_word' id='word_1_45' title='bbox 293 783 460 865; x_wconf 89' lang='lat' dir='ltr'>quoniam,</span> <span class='ocrx_word' id='word_1_46' title='bbox 487 786 525 846; x_wconf 93' lang='lat' dir='ltr'>ut</span> <span class='ocrx_word' id='word_1_47' title='bbox 547 804 655 867; x_wconf 88' lang='lat' dir='ltr'>spero,</span> <span class='ocrx_word' id='word_1_48' title='bbox 684 782 842 865; x_wconf 78' lang='lat' dir='ltr'>satisfeci,</span> <span class='ocrx_word' id='word_1_49' title='bbox 871 804 922 845; x_wconf 93' lang='lat' dir='ltr'>me</span> <span class='ocrx_word' id='word_1_50' title='bbox 945 781 1027 845; x_wconf 89' lang='lat' dir='ltr'>nihil</span> 
     </span>
     <span class='ocr_line' id='line_1_8' title="bbox 25 868 1028 954; baseline 0 -23"><span class='ocrx_word' id='word_1_51' title='bbox 25 869 139 953; x_wconf 88' lang='lat' dir='ltr'>reliqui</span> <span class='ocrx_word' id='word_1_52' title='bbox 161 868 285 954; x_wconf 85' lang='lat' dir='ltr'>fecisse,</span> <span class='ocrx_word' id='word_1_53' title='bbox 307 871 394 953; x_wconf 91' lang='lat' dir='ltr'>quod</span> <span class='ocrx_word' id='word_1_54' title='bbox 417 871 458 934; x_wconf 94' lang='lat' dir='ltr'>ad</span> <span class='ocrx_word' id='word_1_55' title='bbox 480 871 660 936; x_wconf 90' lang='lat' dir='ltr'>sanandum</span> <span class='ocrx_word' id='word_1_56' title='bbox 678 892 729 934; x_wconf 92' lang='lat' dir='ltr'>me</span> <span class='ocrx_word' id='word_1_57' title='bbox 747 870 934 954; x_wconf 81' lang='lat' dir='ltr'>pertineret,</span> <span class='ocrx_word' id='word_1_58' title='bbox 956 869 1028 932; x_wconf 90' lang='lat' dir='ltr'>reli·</span> 
     </span>
     <span class='ocr_line' id='line_1_9' title="bbox 27 958 1027 1042; baseline 0.001 -22"><span class='ocrx_word' id='word_1_59' title='bbox 27 977 123 1039; x_wconf 91' lang='lat' dir='ltr'>quum</span> <span class='ocrx_word' id='word_1_60' title='bbox 145 961 256 1022; x_wconf 88' lang='lat' dir='ltr'>estut</span> <span class='ocrx_word' id='word_1_61' title='bbox 278 962 408 1042; x_wconf 86' lang='lat' dir='ltr'>egomet</span> <span class='ocrx_word' id='word_1_62' title='bbox 430 958 512 1022; x_wconf 91' lang='lat' dir='ltr'>mihi</span> <span class='ocrx_word' id='word_1_63' title='bbox 535 959 711 1023; x_wconf 86' lang='lat' dir='ltr'>consulam.</span> <span class='ocrx_word' id='word_1_64' title='bbox 744 959 778 1022; x_wconf 92' lang='lat' dir='ltr'>id</span> <span class='ocrx_word' id='word_1_65' title='bbox 796 980 854 1021; x_wconf 85' lang='lat' dir='ltr'>vos</span> <span class='ocrx_word' id='word_1_66' title='bbox 877 958 1027 1042; x_wconf 83' lang='lat' dir='ltr'>ignorare</span> 
     </span>
     <span class='ocr_line' id='line_1_10' title="bbox 25 1045 1061 1129; baseline 0.004 -22"><span class='ocrx_word' id='word_1_67' title='bbox 25 1045 125 1108; x_wconf 88' lang='lat' dir='ltr'>nolui:</span> <span class='ocrx_word' id='word_1_68' title='bbox 146 1066 224 1110; x_wconf 89' lang='lat' dir='ltr'>nam</span> <span class='ocrx_word' id='word_1_69' title='bbox 241 1045 322 1108; x_wconf 87' lang='lat' dir='ltr'>mihi</span> <span class='ocrx_word' id='word_1_70' title='bbox 341 1050 408 1110; x_wconf 89' lang='lat' dir='ltr'>stat</span> <span class='ocrx_word' id='word_1_71' title='bbox 426 1047 512 1110; x_wconf 87' lang='lat' dir='ltr'>alere</span> <span class='ocrx_word' id='word_1_72' title='bbox 530 1046 682 1110; x_wconf 86' lang='lat' dir='ltr'>morbum</span> <span class='ocrx_word' id='word_1_73' title='bbox 700 1046 855 1110; x_wconf 84' lang='lat' dir='ltr'>desinere.</span> <span class='ocrx_word' id='word_1_74' title='bbox 887 1067 1027 1129; x_wconf 89' lang='lat' dir='ltr'>namque</span> <span class='ocrx_word' id='word_1_75' title='bbox 1046 1064 1061 1111; x_wconf 85' lang='grc'><strong>6</strong></span> 
     </span>
     <span class='ocr_line' id='line_1_11' title="bbox 26 1131 1027 1218; baseline 0 -22"><span class='ocrx_word' id='word_1_76' title='bbox 26 1131 73 1196; x_wconf 87' lang='lat' dir='ltr'>his</span> <span class='ocrx_word' id='word_1_77' title='bbox 96 1133 209 1197; x_wconf 93' lang='lat' dir='ltr'>diebus</span> <span class='ocrx_word' id='word_1_78' title='bbox 233 1134 389 1217; x_wconf 90' lang='lat' dir='ltr'>quidquid</span> <span class='ocrx_word' id='word_1_79' title='bbox 417 1135 482 1198; x_wconf 88' lang='lat' dir='ltr'>cibi</span> <span class='ocrx_word' id='word_1_80' title='bbox 509 1134 646 1218; x_wconf 89' lang='lat' dir='ltr'>sumpsi,</span> <span class='ocrx_word' id='word_1_81' title='bbox 675 1134 724 1198; x_wconf 88' lang='lat' dir='ltr'>ita</span> <span class='ocrx_word' id='word_1_82' title='bbox 749 1133 888 1217; x_wconf 87' lang='lat' dir='ltr'>produxi</span> <span class='ocrx_word' id='word_1_83' title='bbox 915 1134 1027 1216; x_wconf 83' lang='lat' dir='ltr'>vitam,</span> 
     </span>
     <span class='ocr_line' id='line_1_12' title="bbox 27 1221 1025 1306; baseline 0 -24"><span class='ocrx_word' id='word_1_84' title='bbox 27 1223 61 1283; x_wconf 89' lang='lat' dir='ltr'>ut</span> <span class='ocrx_word' id='word_1_85' title='bbox 85 1222 230 1285; x_wconf 84' lang='lat' dir='ltr'>auxerim</span> <span class='ocrx_word' id='word_1_86' title='bbox 258 1222 384 1286; x_wconf 92' lang='lat' dir='ltr'>dolores</span> <span class='ocrx_word' id='word_1_87' title='bbox 399 1223 482 1285; x_wconf 84' lang='lat' dir='ltr'>sine</span> <span class='ocrx_word' id='word_1_88' title='bbox 511 1242 568 1306; x_wconf 87' lang='lat' dir='ltr'>spe</span> <span class='ocrx_word' id='word_1_89' title='bbox 597 1222 722 1285; x_wconf 91' lang='lat' dir='ltr'>salutis.</span> <span class='ocrx_word' id='word_1_90' title='bbox 768 1242 867 1304; x_wconf 90' lang='lat' dir='ltr'>quare</span> <span class='ocrx_word' id='word_1_91' title='bbox 891 1242 911 1284; x_wconf 86' lang='lat' dir='ltr'>a</span> <span class='ocrx_word' id='word_1_92' title='bbox 932 1221 1025 1285; x_wconf 79' lang='lat' dir='ltr'>robis</span> 
     </span>
     <span class='ocr_line' id='line_1_13' title="bbox 27 1308 1025 1393; baseline 0 -22"><span class='ocrx_word' id='word_1_93' title='bbox 27 1312 106 1392; x_wconf 88' lang='lat' dir='ltr'>peto,</span> <span class='ocrx_word' id='word_1_94' title='bbox 127 1310 271 1392; x_wconf 91' lang='lat' dir='ltr'>primum</span> <span class='ocrx_word' id='word_1_95' title='bbox 293 1313 330 1372; x_wconf 88' lang='lat' dir='ltr'>ut</span> <span class='ocrx_word' id='word_1_96' title='bbox 353 1309 525 1373; x_wconf 89' lang='lat' dir='ltr'>consilium</span> <span class='ocrx_word' id='word_1_97' title='bbox 546 1309 693 1393; x_wconf 89' lang='lat' dir='ltr'>probetis</span> <span class='ocrx_word' id='word_1_98' title='bbox 712 1330 829 1391; x_wconf 92' lang='lat' dir='ltr'>meum,</span> <span class='ocrx_word' id='word_1_99' title='bbox 853 1308 966 1372; x_wconf 88' lang='lat' dir='ltr'>deinde</span> <span class='ocrx_word' id='word_1_100' title='bbox 984 1330 1025 1371; x_wconf 87' lang='lat' dir='ltr'>ne</span> 
     </span>
     <span class='ocr_line' id='line_1_14' title="bbox 28 1393 750 1480; baseline 0.003 -22"><span class='ocrx_word' id='word_1_101' title='bbox 28 1393 144 1459; x_wconf 85' lang='lat' dir='ltr'>frustra</span> <span class='ocrx_word' id='word_1_102' title='bbox 166 1396 366 1461; x_wconf 85' lang='lat' dir='ltr'>dehortando</span> <span class='ocrx_word' id='word_1_103' title='bbox 389 1397 545 1480; x_wconf 88' lang='lat' dir='ltr'>impedire</span> <span class='ocrx_word' id='word_1_104' title='bbox 570 1396 750 1462; x_wconf 71' lang='lat' dir='ltr'>conemini?</span> 
     </span>
    </p>

    <p class='ocr_par' dir='ltr' id='par_1_3' title="bbox 15 1484 1077 2883">
     <span class='ocr_line' id='line_1_15' title="bbox 106 1484 1077 1566; baseline 0 -18"><span class='ocrx_word' id='word_1_105' title='bbox 106 1484 179 1548; x_wconf 87' lang='lat' dir='ltr'>Hac</span> <span class='ocrx_word' id='word_1_106' title='bbox 201 1486 348 1549; x_wconf 89' lang='lat' dir='ltr'>oratione</span> <span class='ocrx_word' id='word_1_107' title='bbox 371 1484 485 1548; x_wconf 89' lang='lat' dir='ltr'>habita</span> <span class='ocrx_word' id='word_1_108' title='bbox 503 1489 597 1549; x_wconf 87' lang='lat' dir='ltr'>tanta</span> <span class='ocrx_word' id='word_1_109' title='bbox 616 1484 801 1549; x_wconf 89' lang='lat' dir='ltr'>constantia</span> <span class='ocrx_word' id='word_1_110' title='bbox 817 1484 906 1548; x_wconf 81' lang='lat' dir='ltr'>vocis</span> <span class='ocrx_word' id='word_1_111' title='bbox 926 1487 1023 1566; x_wconf 91' lang='lat' dir='ltr'>atque</span> <span class='ocrx_word' id='word_1_112' title='bbox 1034 1486 1077 1549; x_wconf 80' lang='lat'>22</span> 
     </span>
     <span class='ocr_line' id='line_1_16' title="bbox 29 1569 1035 1656; baseline 0.001 -22"><span class='ocrx_word' id='word_1_113' title='bbox 29 1571 137 1656; x_wconf 78' lang='lat' dir='ltr'>vultus,</span> <span class='ocrx_word' id='word_1_114' title='bbox 160 1575 198 1636; x_wconf 94' lang='lat' dir='ltr'>ut</span> <span class='ocrx_word' id='word_1_115' title='bbox 220 1594 286 1637; x_wconf 92' lang='lat' dir='ltr'>non</span> <span class='ocrx_word' id='word_1_116' title='bbox 308 1593 347 1636; x_wconf 86' lang='lat' dir='ltr'>ex</span> <span class='ocrx_word' id='word_1_117' title='bbox 368 1575 446 1655; x_wconf 86' lang='lat' dir='ltr'>vita,</span> <span class='ocrx_word' id='word_1_118' title='bbox 469 1573 525 1636; x_wconf 91' lang='lat' dir='ltr'>sed</span> <span class='ocrx_word' id='word_1_119' title='bbox 548 1594 588 1637; x_wconf 86' lang='lat' dir='ltr'>ex</span> <span class='ocrx_word' id='word_1_120' title='bbox 610 1574 706 1637; x_wconf 92' lang='lat' dir='ltr'>domo</span> <span class='ocrx_word' id='word_1_121' title='bbox 729 1573 765 1636; x_wconf 92' lang='lat' dir='ltr'>in</span> <span class='ocrx_word' id='word_1_122' title='bbox 787 1572 918 1636; x_wconf 93' lang='lat' dir='ltr'>domum</span> <span class='ocrx_word' id='word_1_123' title='bbox 940 1569 1035 1635; x_wconf 55' lang='lat' dir='ltr'>vide·¹</span> 
     </span>
     <span class='ocr_line' id='line_1_17' title="bbox 28 1660 1058 1745; baseline 0.004 -25"><span class='ocrx_word' id='word_1_124' title='bbox 28 1663 110 1722; x_wconf 89' lang='lat' dir='ltr'>retur</span> <span class='ocrx_word' id='word_1_125' title='bbox 133 1660 283 1744; x_wconf 84' lang='lat' dir='ltr'>migrare,</span> <span class='ocrx_word' id='word_1_126' title='bbox 306 1682 379 1724; x_wconf 92' lang='lat' dir='ltr'>cum</span> <span class='ocrx_word' id='word_1_127' title='bbox 402 1661 532 1743; x_wconf 90' lang='lat' dir='ltr'>quidem</span> <span class='ocrx_word' id='word_1_128' title='bbox 554 1660 703 1745; x_wconf 83' lang='lat' dir='ltr'>Agrippa</span> <span class='ocrx_word' id='word_1_129' title='bbox 726 1682 799 1723; x_wconf 94' lang='lat' dir='ltr'>eum</span> <span class='ocrx_word' id='word_1_130' title='bbox 822 1660 902 1723; x_wconf 87' lang='lat' dir='ltr'>flens</span> <span class='ocrx_word' id='word_1_131' title='bbox 926 1663 1058 1742; x_wconf 76' lang='lat' dir='ltr'>atquea</span> 
     </span>
     <span class='ocr_line' id='line_1_18' title="bbox 28 1747 1025 1831; baseline 0.001 -22"><span class='ocrx_word' id='word_1_132' title='bbox 28 1747 169 1810; x_wconf 85' lang='lat' dir='ltr'>osculans</span> <span class='ocrx_word' id='word_1_133' title='bbox 193 1751 302 1811; x_wconf 88' lang='lat' dir='ltr'>oraret</span> <span class='ocrx_word' id='word_1_134' title='bbox 324 1752 422 1831; x_wconf 89' lang='lat' dir='ltr'>atque</span> <span class='ocrx_word' id='word_1_135' title='bbox 446 1749 645 1831; x_wconf 88' lang='lat' dir='ltr'>obsecraret,</span> <span class='ocrx_word' id='word_1_136' title='bbox 673 1770 714 1812; x_wconf 91' lang='lat' dir='ltr'>ne</span> <span class='ocrx_word' id='word_1_137' title='bbox 742 1748 776 1810; x_wconf 92' lang='lat' dir='ltr'>id</span> <span class='ocrx_word' id='word_1_138' title='bbox 799 1747 885 1828; x_wconf 92' lang='lat' dir='ltr'>quod</span> <span class='ocrx_word' id='word_1_139' title='bbox 906 1753 1025 1811; x_wconf 89' lang='lat' dir='ltr'>natura</span> 
     </span>
     <span class='ocr_line' id='line_1_19' title="bbox 27 1835 1025 1918; baseline 0.004 -24"><span class='ocrx_word' id='word_1_140' title='bbox 27 1839 150 1918; x_wconf 85' lang='lat' dir='ltr'>cogeret</span> <span class='ocrx_word' id='word_1_141' title='bbox 171 1835 241 1918; x_wconf 86' lang='lat' dir='ltr'>ipse</span> <span class='ocrx_word' id='word_1_142' title='bbox 261 1857 388 1918; x_wconf 92' lang='lat' dir='ltr'>quoque</span> <span class='ocrx_word' id='word_1_143' title='bbox 408 1835 471 1899; x_wconf 90' lang='lat' dir='ltr'>sibi</span> <span class='ocrx_word' id='word_1_144' title='bbox 490 1837 693 1917; x_wconf 88' lang='lat' dir='ltr'>acceleraret,</span> <span class='ocrx_word' id='word_1_145' title='bbox 720 1838 762 1917; x_wconf 89' lang='lat' dir='ltr'>et,</span> <span class='ocrx_word' id='word_1_146' title='bbox 781 1835 935 1916; x_wconf 88' lang='lat' dir='ltr'>quoniam</span> <span class='ocrx_word' id='word_1_147' title='bbox 953 1838 1025 1898; x_wconf 92' lang='lat' dir='ltr'>tum</span> 
     </span>
     <span class='ocr_line' id='line_1_20' title="bbox 27 1921 1024 2006; baseline 0.001 -21"><span class='ocrx_word' id='word_1_148' title='bbox 27 1939 146 2004; x_wconf 88' lang='lat' dir='ltr'>quoque</span> <span class='ocrx_word' id='word_1_149' title='bbox 173 1928 285 2006; x_wconf 87' lang='lat' dir='ltr'>posset</span> <span class='ocrx_word' id='word_1_150' title='bbox 312 1922 514 2006; x_wconf 78' lang='lat' dir='ltr'>temporibus</span> <span class='ocrx_word' id='word_1_151' title='bbox 539 1943 719 2006; x_wconf 84' lang='lat' dir='ltr'>superesse,</span> <span class='ocrx_word' id='word_1_152' title='bbox 749 1943 782 1984; x_wconf 90' lang='lat' dir='ltr'>se</span> <span class='ocrx_word' id='word_1_153' title='bbox 806 1921 869 1984; x_wconf 89' lang='lat' dir='ltr'>sibi</span> <span class='ocrx_word' id='word_1_154' title='bbox 892 1922 1024 2004; x_wconf 89' lang='lat' dir='ltr'>suisque</span> 
     </span>
     <span class='ocr_line' id='line_1_21' title="bbox 25 2008 1024 2094; baseline 0.004 -26"><span class='ocrx_word' id='word_1_155' title='bbox 25 2014 213 2093; x_wconf 85' lang='lat' dir='ltr'>reservaret,</span> <span class='ocrx_word' id='word_1_156' title='bbox 234 2032 346 2094; x_wconf 86' lang='lat' dir='ltr'>preces</span> <span class='ocrx_word' id='word_1_157' title='bbox 369 2011 438 2074; x_wconf 90' lang='lat' dir='ltr'>eius</span> <span class='ocrx_word' id='word_1_158' title='bbox 461 2010 625 2075; x_wconf 88' lang='lat' dir='ltr'>taciturna</span> <span class='ocrx_word' id='word_1_159' title='bbox 648 2031 706 2073; x_wconf 89' lang='lat' dir='ltr'>sua</span> <span class='ocrx_word' id='word_1_160' title='bbox 730 2008 950 2072; x_wconf 90' lang='lat' dir='ltr'>obstinatione</span> <span class='ocrx_word' id='word_1_161' title='bbox 973 2010 1024 2072; x_wconf 76' lang='lat' dir='ltr'>de</span> 
     </span>
     <span class='ocr_line' id='line_1_22' title="bbox 24 2096 1057 2181; baseline 0.004 -22"><span class='ocrx_word' id='word_1_162' title='bbox 24 2099 146 2175; x_wconf 86' lang='lat' dir='ltr'>pressit.</span> <span class='ocrx_word' id='word_1_163' title='bbox 192 2097 239 2162; x_wconf 90' lang='lat' dir='ltr'>sic</span> <span class='ocrx_word' id='word_1_164' title='bbox 262 2120 335 2162; x_wconf 90' lang='lat' dir='ltr'>cum</span> <span class='ocrx_word' id='word_1_165' title='bbox 357 2098 491 2162; x_wconf 90' lang='lat' dir='ltr'>biduum</span> <span class='ocrx_word' id='word_1_166' title='bbox 514 2097 586 2161; x_wconf 88' lang='lat' dir='ltr'>cibo</span> <span class='ocrx_word' id='word_1_167' title='bbox 611 2118 645 2161; x_wconf 91' lang='lat' dir='ltr'>se</span> <span class='ocrx_word' id='word_1_168' title='bbox 668 2096 889 2181; x_wconf 85' lang='lat' dir='ltr'>abstinuisset,</span> <span class='ocrx_word' id='word_1_169' title='bbox 912 2097 1022 2161; x_wconf 89' lang='lat' dir='ltr'>subito</span> <span class='ocrx_word' id='word_1_170' title='bbox 1041 2115 1057 2163; x_wconf 83' lang='lat'><strong>3</strong></span> 
     </span>
     <span class='ocr_line' id='line_1_23' title="bbox 24 2179 1023 2268; baseline 0.001 -21"><span class='ocrx_word' id='word_1_171' title='bbox 24 2179 117 2248; x_wconf 87' lang='lat' dir='ltr'>febris</span> <span class='ocrx_word' id='word_1_172' title='bbox 146 2186 284 2249; x_wconf 89' lang='lat' dir='ltr'>decessit</span> <span class='ocrx_word' id='word_1_173' title='bbox 311 2186 476 2268; x_wconf 79' lang='lat' dir='ltr'>leviorque</span> <span class='ocrx_word' id='word_1_174' title='bbox 500 2185 633 2249; x_wconf 92' lang='lat' dir='ltr'>morbus</span> <span class='ocrx_word' id='word_1_175' title='bbox 657 2206 727 2249; x_wconf 90' lang='lat' dir='ltr'>esse</span> <span class='ocrx_word' id='word_1_176' title='bbox 751 2184 868 2268; x_wconf 87' lang='lat' dir='ltr'>eoepit.</span> <span class='ocrx_word' id='word_1_177' title='bbox 912 2188 1023 2248; x_wconf 87' lang='lat' dir='ltr'>tamen</span> 
     </span>
     <span class='ocr_line' id='line_1_24' title="bbox 22 2272 1022 2358; baseline 0.002 -23"><span class='ocrx_word' id='word_1_178' title='bbox 22 2273 222 2357; x_wconf 90' lang='lat' dir='ltr'>propositum</span> <span class='ocrx_word' id='word_1_179' title='bbox 248 2273 351 2337; x_wconf 90' lang='lat' dir='ltr'>nihilo</span> <span class='ocrx_word' id='word_1_180' title='bbox 380 2274 492 2336; x_wconf 89' lang='lat' dir='ltr'>setius</span> <span class='ocrx_word' id='word_1_181' title='bbox 512 2273 640 2358; x_wconf 86' lang='lat' dir='ltr'>peregit</span> <span class='ocrx_word' id='word_1_182' title='bbox 671 2273 781 2355; x_wconf 84' lang='lat' dir='ltr'>itaque</span> <span class='ocrx_word' id='word_1_183' title='bbox 815 2272 865 2338; x_wconf 91' lang='lat' dir='ltr'>die</span> <span class='ocrx_word' id='word_1_184' title='bbox 899 2273 1022 2356; x_wconf 90' lang='lat' dir='ltr'>quinto,</span> 
     </span>
     <span class='ocr_line' id='line_1_25' title="bbox 21 2360 1021 2445; baseline 0.001 -22"><span class='ocrx_word' id='word_1_185' title='bbox 21 2365 192 2442; x_wconf 87' lang='lat' dir='ltr'>postquam</span> <span class='ocrx_word' id='word_1_186' title='bbox 222 2361 256 2425; x_wconf 90' lang='lat' dir='ltr'>id</span> <span class='ocrx_word' id='word_1_187' title='bbox 288 2361 460 2425; x_wconf 91' lang='lat' dir='ltr'>consilium</span> <span class='ocrx_word' id='word_1_188' title='bbox 495 2360 631 2445; x_wconf 91' lang='lat' dir='ltr'>inierat,</span> <span class='ocrx_word' id='word_1_189' title='bbox 666 2361 770 2445; x_wconf 90' lang='lat' dir='ltr'>pridie</span> <span class='ocrx_word' id='word_1_190' title='bbox 799 2361 863 2424; x_wconf 84' lang='lat' dir='ltr'>kal.</span> <span class='ocrx_word' id='word_1_191' title='bbox 891 2360 1021 2443; x_wconf 89' lang='lat' dir='ltr'>Apriles</span> 
     </span>
     <span class='ocr_line' id='line_1_26' title="bbox 21 2442 1057 2517; baseline 0 -7"><span class='ocrx_word' id='word_1_192' title='bbox 21 2442 73 2511; x_wconf 80' lang='lat' dir='ltr'>Cn.</span> <span class='ocrx_word' id='word_1_193' title='bbox 96 2448 243 2512; x_wconf 92' lang='lat' dir='ltr'>Domitio</span> <span class='ocrx_word' id='word_1_194' title='bbox 267 2446 303 2514; x_wconf 80' lang='lat'>0.</span> <span class='ocrx_word' id='word_1_195' title='bbox 326 2447 420 2512; x_wconf 84' lang='lat' dir='ltr'>Sosio</span> <span class='ocrx_word' id='word_1_196' title='bbox 444 2449 631 2512; x_wconf 90' lang='lat' dir='ltr'>consulibus</span> <span class='ocrx_word' id='word_1_197' title='bbox 655 2449 802 2513; x_wconf 87' lang='lat' dir='ltr'>decessit.</span> <span class='ocrx_word' id='word_1_198' title='bbox 843 2448 948 2510; x_wconf 91' lang='lat' dir='ltr'>elatus</span> <span class='ocrx_word' id='word_1_199' title='bbox 971 2451 1057 2517; x_wconf 85' lang='lat' dir='ltr'>est4</span> 
     </span>
     <span class='ocr_line' id='line_1_27' title="bbox 19 2529 1023 2619; baseline 0.001 -21"><span class='ocrx_word' id='word_1_200' title='bbox 19 2529 50 2598; x_wconf 89' lang='lat' dir='ltr'>in</span> <span class='ocrx_word' id='word_1_201' title='bbox 77 2535 241 2619; x_wconf 86' lang='lat' dir='ltr'>lecticula,</span> <span class='ocrx_word' id='word_1_202' title='bbox 267 2539 306 2599; x_wconf 94' lang='lat' dir='ltr'>ut</span> <span class='ocrx_word' id='word_1_203' title='bbox 331 2537 402 2619; x_wconf 89' lang='lat' dir='ltr'>ipse</span> <span class='ocrx_word' id='word_1_204' title='bbox 424 2537 692 2619; x_wconf 88' lang='lat' dir='ltr'>praescripserat,</span> <span class='ocrx_word' id='word_1_205' title='bbox 722 2536 790 2599; x_wconf 90' lang='lat' dir='ltr'>sine</span> <span class='ocrx_word' id='word_1_206' title='bbox 812 2535 880 2599; x_wconf 90' lang='lat' dir='ltr'>ulla</span> <span class='ocrx_word' id='word_1_207' title='bbox 902 2557 1023 2618; x_wconf 88' lang='lat' dir='ltr'>pompa</span> 
     </span>
     <span class='ocr_line' id='line_1_28' title="bbox 16 2618 1022 2708; baseline 0 -22"><span class='ocrx_word' id='word_1_208' title='bbox 16 2618 152 2706; x_wconf 74' lang='lat' dir='ltr'>frmeris,</span> <span class='ocrx_word' id='word_1_209' title='bbox 180 2623 412 2687; x_wconf 88' lang='lat' dir='ltr'>comitantibus</span> <span class='ocrx_word' id='word_1_210' title='bbox 441 2624 591 2687; x_wconf 91' lang='lat' dir='ltr'>omnibus</span> <span class='ocrx_word' id='word_1_211' title='bbox 622 2624 731 2708; x_wconf 90' lang='lat' dir='ltr'>bonis,</span> <span class='ocrx_word' id='word_1_212' title='bbox 762 2623 904 2686; x_wconf 82' lang='lat' dir='ltr'>maxima</span> <span class='ocrx_word' id='word_1_213' title='bbox 931 2623 1022 2707; x_wconf 85' lang='lat' dir='ltr'>vulgi</span> 
     </span>
     <span class='ocr_line' id='line_1_29' title="bbox 15 2705 1023 2794; baseline 0.003 -25"><span class='ocrx_word' id='word_1_214' title='bbox 15 2705 207 2793; x_wconf 89' lang='lat' dir='ltr'>frequentia.</span> <span class='ocrx_word' id='word_1_215' title='bbox 246 2711 392 2794; x_wconf 90' lang='lat' dir='ltr'>sepultus</span> <span class='ocrx_word' id='word_1_216' title='bbox 416 2714 467 2775; x_wconf 91' lang='lat' dir='ltr'>est</span> <span class='ocrx_word' id='word_1_217' title='bbox 488 2711 580 2774; x_wconf 86' lang='lat' dir='ltr'>iuxta</span> <span class='ocrx_word' id='word_1_218' title='bbox 597 2711 684 2774; x_wconf 83' lang='lat' dir='ltr'>viam</span> <span class='ocrx_word' id='word_1_219' title='bbox 702 2711 844 2794; x_wconf 89' lang='lat' dir='ltr'>Appiam</span> <span class='ocrx_word' id='word_1_220' title='bbox 868 2710 909 2775; x_wconf 89' lang='lat' dir='ltr'>ad</span> <span class='ocrx_word' id='word_1_221' title='bbox 932 2712 1023 2794; x_wconf 83' lang='lat' dir='ltr'>quin·</span> 
     </span>
     <span class='ocr_line' id='line_1_30' title="bbox 15 2797 1022 2883; baseline 0.006 -26"><span class='ocrx_word' id='word_1_222' title='bbox 15 2797 86 2862; x_wconf 89' lang='lat' dir='ltr'>tum</span> <span class='ocrx_word' id='word_1_223' title='bbox 108 2798 249 2882; x_wconf 88' lang='lat' dir='ltr'>lapidem</span> <span class='ocrx_word' id='word_1_224' title='bbox 272 2799 307 2862; x_wconf 87' lang='lat' dir='ltr'>in</span> <span class='ocrx_word' id='word_1_225' title='bbox 329 2803 539 2872; x_wconf 87' lang='lat' dir='ltr'>monumento</span> <span class='ocrx_word' id='word_1_226' title='bbox 563 2798 601 2874; x_wconf 80' lang='lat' dir='ltr'>Q.</span> <span class='ocrx_word' id='word_1_227' title='bbox 624 2797 766 2883; x_wconf 81' lang='lat' dir='ltr'>Caecilii,</span> <span class='ocrx_word' id='word_1_228' title='bbox 789 2799 939 2864; x_wconf 78' lang='lat' dir='ltr'>auunculi</span> <span class='ocrx_word' id='word_1_229' title='bbox 962 2799 1022 2863; x_wconf 90' lang='lat' dir='ltr'>sui.</span> 
     </span>
    </p>
   </div>
   <div class='ocr_carea' id='block_1_3' title="bbox 0 0 1170 4020">
    <p class='ocr_par' dir='ltr' id='par_1_4' title="bbox 0 0 1170 4020">
     <span class='ocr_line' id='line_1_31' title="bbox 0 0 1170 4020; baseline 0 0"><span class='ocrx_word' id='word_1_230' title='bbox 0 0 1170 4020; x_wconf 95' lang='lat' dir='ltr'> </span> 
     </span>
    </p>
   </div>
  </div>
 </body>
</html>
