2324 4020
306 219 404 276 XVIII.
423 220 605 275 EUMENES.
634 226 657 275 1.
676 227 701 275 2.
969 222 1008 285 71

47 357 172 447 lorerent,
200 363 340 428 multum
363 364 392 428 ei
415 364 557 429 detraxit
579 365 665 430 inter
687 387 743 430 eos
766 366 901 448 viventi,
925 365 1011 448 quod

47 446 132 515 lienae
159 455 229 516 erat
256 451 412 534 civitatis,
443 473 546 535 neque
575 453 662 517 aliud
688 453 765 517 huic
787 453 890 517 defuit
914 475 1011 535 quam

48 559 166 603 onerosa
192 539 300 622 stirps.
346 541 408 604 etsi
431 541 518 604 enim
541 540 719 605 domestico
744 562 870 605 summo
893 560 1046 625 genereo

47 630 94 710 rat,
119 631 228 691 tamen
250 626 440 692 Macedones
469 649 543 692 eum
569 628 633 692 sibi
661 628 834 711 aliquando
858 629 1012 712 anteponi

47 714 138 799 [digne
161 715 321 798 ferebant,
343 737 448 798 neque
471 720 581 780 tamen
602 738 668 780 non
690 717 914 799 patiebantur:
945 717 1012 780 vin-

47 802 103 866 ebat
117 803 203 867 enim
218 824 329 867 omnes
344 824 428 887 cura,
447 803 627 888 vigilantia,
645 805 814 888 patientia,
833 804 1012 868 calliditate

47 891 231 955 *celeritate
253 891 384 975 ingenii.

95 977 160 1042 Hic
181 978 498 1061 peradulescentulus
522 979 562 1042 ad
585 979 765 1044 amicitiam
783 981 920 1044 accessit
938 979 1013 1043 Phi·
1031 997 1049 1044 4

47 1067 98 1149 opi,
120 1066 283 1149 Amyntae
302 1066 371 1150 filii,
393 1068 547 1149 brevique
566 1071 712 1150 tempore
731 1069 767 1131 in
779 1068 930 1131 intimam
943 1089 1013 1151 per-

48 1155 96 1217 nit
118 1152 388 1218 familiaritatem:
410 1154 559 1238 fulgebat
581 1155 668 1218 enim
690 1155 756 1217 iam
778 1155 813 1218 in
831 1155 1014 1219 adulescen-

47 1243 77 1306 lo
105 1241 231 1306 indoles
252 1241 393 1306 virtutis.
438 1243 549 1326 itaque
573 1264 648 1306 eum
674 1241 791 1305 habuit
818 1242 859 1306 ad
882 1260 1048 1309 manume

47 1330 134 1394 ribae
157 1329 239 1412 locu,
262 1329 349 1413 quod
371 1329 475 1411 multo
499 1329 584 1413 apud
604 1328 720 1393 Graios
743 1329 1012 1394 honorificentius

47 1421 58 1481 t
82 1438 181 1500 quarn
203 1417 288 1500 apud
310 1417 484 1482 Romanos.
518 1439 657 1501 namque
681 1418 766 1501 apud
787 1439 857 1502 nos,
880 1439 1014 1482 revera

47 1509 93 1569 111
116 1508 203 1587 sunt,
225 1506 436 1570 mercennarii
460 1505 584 1569 scribae
603 1505 847 1590 existimantur,
869 1510 904 1569 at
929 1506 1014 1589 apud

47 1613 81 1657 os
105 1614 124 1656 1
147 1593 311 1657 contrario
334 1615 429 1657 nemo
453 1593 494 1657 ad
516 1593 550 1657 id
574 1593 718 1658 officium
741 1594 927 1658 admittitur
950 1595 1014 1658 nisi

47 1685 147 1745 nesto
175 1679 261 1764 loco,
288 1685 322 1744 et
349 1680 411 1745 fide
435 1684 469 1745 et
496 1681 657 1745 industria
680 1682 825 1766 cognita,
853 1683 939 1765 quod
961 1704 1015 1746 ne-

47 1790 97 1833 sse
126 1771 177 1831 est
205 1768 349 1832 omnium
376 1769 587 1833 consiliorum
614 1791 687 1833 eum
715 1791 785 1834 esse
812 1770 1014 1853 participem.

47 1877 93 1921 nc
121 1855 229 1920 locum
259 1855 365 1920 tenuit
394 1857 556 1921 amicitiae
583 1857 669 1940 apud
695 1855 885 1941 Philippum
912 1875 1048 1922 annose

47 1948 144 2027 ptem.
188 1943 245 2007 illo
273 1943 446 2009 interfecto
474 1945 588 2009 eodem
618 1944 721 2030 gradu
744 1944 808 2007 fuit
831 1946 916 2028 apud
938 1944 1014 2008 Ale-

47 2032 168 2095 ndrum
200 2053 301 2095 annos
333 2031 498 2096 tredecim.
542 2032 719 2096 novissimo
750 2036 896 2116 tempore
925 2054 1015 2114 prae-

47 2121 72 2182 it
95 2119 196 2182 etiam
218 2119 339 2183 alterae
358 2119 505 2202 equitum
524 2119 603 2202 alae,
626 2141 707 2203 quae
721 2118 893 2185 Hetaerice
908 2121 1015 2203 appel·

47 2210 148 2270 batur.
193 2207 322 2290 utrique
351 2210 461 2271 autem
487 2208 523 2270 in
545 2207 680 2271 consilio
711 2229 837 2291 semper
865 2208 959 2272 affuit
982 2212 1015 2272 et

47 2295 156 2358 unium
178 2315 285 2358 rerum
307 2294 440 2359 habitus
464 2299 515 2358 est
537 2295 710 2379 particeps

97 2381 281 2447 Alexandro
304 2381 472 2465 Babylone
495 2386 633 2467 mortu0,
656 2404 731 2447 cum
753 2403 854 2467 regna
877 2384 1014 2468 singulis
1034 2384 1056 2448 2

47 2469 228 2534 miliaribus
264 2471 515 2553 dispertirentur
547 2474 581 2534 et
618 2492 745 2534 summa
776 2471 897 2534 tradita
929 2475 1016 2534 esset

48 2557 132 2621 enda
158 2557 274 2639 eidem,
302 2559 354 2622 cui
380 2557 563 2622 Alexander
591 2559 731 2622 moriens
760 2559 893 2621 anulum
921 2579 1016 2621 suum

47 2645 156 2728 derat,
183 2645 354 2710 Perdiccae
382 2643 435 2730 (ex
463 2667 526 2728 quo
559 2667 670 2710 omnes
704 2646 908 2711 coniecerant
942 2662 1050 2709 cuma

47 2754 148 2817 gnum
170 2733 200 2797 ei
223 2733 432 2817 commisisse,
456 2733 562 2816 quoad
584 2733 679 2798 liberi
703 2733 771 2797 eius
794 2735 829 2797 in
852 2738 1017 2798 111111111-

46 2822 110 2884 lam
125 2821 361 2904 pervenissent:
385 2821 498 2885 aberat
516 2822 603 2885 enim
617 2820 769 2885 Crateros
784 2825 818 2885 et
832 2820 1017 2906 Antipater,

47 2909 67 2971 ri
99 2909 287 2973 antecedere
318 2908 403 2974 hunc
435 2909 642 2992 videbantur3
674 2913 822 2973 mortuus
856 2914 926 2973 erat
954 2909 1017 2974 He·

47 2997 169 3079 laestio,
192 3018 288 3080 quem
310 3019 411 3061 unum
424 2995 615 3079 Alexander,
640 2997 725 3079 quod
749 2996 844 3061 facile
867 2996 1017 3082 intellegi

47 3088 131 3167 isset,
154 3084 286 3166 plurimi
309 3082 454 3169 fecerat),
476 3085 539 3149 hoc
557 3088 704 3167 tempore
723 3084 800 3148 data
814 3088 865 3148 est
878 3084 1017 3149 Eumeni

47 3171 216 3255 cppadocia
243 3173 309 3236 sive
336 3173 446 3256 potius
474 3172 575 3236 dicta:
606 3193 683 3235 nam
711 3175 783 3235 turn
808 3172 844 3235 in
872 3172 1016 3235 hostium

47 3263 80 3323 11
98 3263 272 3343 potestate.
308 3260 393 3324 hunc
413 3260 476 3323 sibi
490 3259 660 3324 Perdiccas
684 3259 875 3323 adiunxerat
898 3279 1016 3343 magno
1036 3275 1052 3322 3

47 3346 129 3430 udio,
153 3347 239 3430 quod
261 3347 296 3411 in
317 3347 448 3411 homine
472 3347 569 3411 fidem
588 3341 626 3411 'et
649 3346 843 3411 industriam
866 3367 1017 3430 magnam

47 3435 151 3517 lebat,
173 3456 239 3498 non
262 3435 424 3518 dubitans,
448 3434 476 3498 si
495 3457 568 3499 eum
587 3435 783 3518 pellexisset,
807 3453 924 3516 magno
943 3433 1018 3496 usui

47 3544 76 3586 re
97 3521 163 3587 sibi
181 3523 216 3586 in
235 3522 282 3586 eis
300 3524 396 3587 rebus
416 3544 497 3604 quas
516 3522 703 3606 apparabat.
736 3520 904 3608 cogitabat
923 3519 1018 3604 enim,
