2324 4020
295 245 368 300 Vlll.
388 243 660 302 THRASYBULUS.
690 251 714 300 3.
734 252 758 301 4.
996 247 1040 312 33

59 390 367 456 166166666161661.
408 391 436 454 16
459 391 545 454 16661
568 390 808 474 Thrasybulum
831 394 864 453 et
882 380 958 475 eos,
983 393 1039 475 qui

59 479 142 544 bem
175 479 344 563 tenebant,
376 477 454 543 16616
486 499 599 561 paoem
628 479 680 542 his
709 478 966 543 condicionibus:
998 502 1039 546 ne

59 567 83 631 ri
109 571 243 650 praeter
270 566 408 651 triginta
436 570 592 649 tyrannos
621 570 654 629 et
682 565 805 650 decem,
838 568 893 651 qui
922 571 1039 650 postea

59 659 196 719 ,6666166
220 655 320 719 creati
344 654 519 737 superioris
539 675 628 718 more
647 654 850 719 crudelitatis
869 659 962 720 erant
977 656 1039 740 usi,

59 741 238 808 1166166661
265 742 361 813 exilio
388 763 467 807 neve
497 742 585 806 hona
615 742 872 825 publicarentur:
904 745 952 806 rei
981 766 1039 826 pu-

59 829 132 896 icae
156 831 343 915 procuratio
366 831 487 914 populo
510 829 705 894 redderetur.
750 831 953 913 praeclarum
975 832 1038 897 1166
1057 849 1073 896 2

59 939 156 1002 ioque
180 918 392 1001 Thrasybuli,
416 917 502 1001 quod
525 918 733 982 reconciliata
755 940 850 1003 pace,
873 941 947 983 cum
969 920 1038 1002 plu-

59 1026 147 1072 mum
174 1007 210 1071 in
233 1007 365 1070 61116666
392 1010 518 1089 posset,
547 1006 654 1092 legem
682 1005 774 1088 tulit,
800 1029 841 1071 66
865 1007 937 1091 quis
962 1012 1037 1072 ante

59 1097 176 1159 tarum
199 1116 306 1158 rerum
330 1097 534 1158 accusaretur
556 1115 636 1158 neve
663 1094 871 1179 multaretur,
902 1116 1037 1179 eamque

59 1183 73 1245 i
102 1182 278 1247 oblivionis
306 1182 518 1265 appellarunt.
563 1203 666 1265 neque
689 1202 765 1245 1616
795 1182 879 1246 hanc
906 1187 1072 1248 tantuma

59 1271 194 1336 rendam
222 1269 361 1352 curavit,
389 1269 445 1334 sed
472 1269 571 1350 661616
594 1273 632 1333 66
654 1270 777 1334 1616166
800 1270 914 1335 effecit.
960 1293 1037 1335 nam

59 1378 99 1423 un
123 1359 256 1443 quidam
284 1380 323 1422 ex
348 1357 403 1441 iis,
432 1358 487 1440 qui
516 1358 613 1421 simul
637 1379 710 1422 curn
732 1379 771 1422 66
794 1357 829 1422 16
851 1358 947 1422 exilio
971 1358 1038 1424 fue·

59 1451 113 1530 66,
149 1446 279 1510 caedem
306 1445 411 1510 166616
440 1467 551 1510 661616
579 1445 714 1530 1611666,
746 1468 820 1511 6661
852 1447 970 1531 quibus
1002 1448 1037 1512 in

59 1535 170 1599 661661
197 1534 337 1598 reditum
365 1537 435 1597 erat
461 1533 603 1617 publice,
630 1534 801 1616 prohibuit
829 1539 862 1599 66
889 1535 922 1600 id
951 1535 1037 1620 quod
1115 1559 1117 1565 ·

59 1621 197 1688 >llicitus
220 1626 290 1686 erat
311 1621 486 1705 praestitit.

113 1709 202 1776 Huic
228 1731 288 1792 pro
316 1710 418 1774 tantis
446 1710 572 1773 meritis
599 1711 733 1774 honoris
757 1731 852 1775 661166
875 1733 993 1776 6616116
1017 1712 1076 1777 64

59 1799 148 1883 >pulo
162 1798 240 1862 data
253 1802 312 1882 666,
330 1797 418 1862 16666
432 1797 556 1862 duabus
571 1798 707 1883 virgulis
723 1798 907 1884 oleagineis.
938 1821 1036 1882 quarn

59 1887 113 1952 rod
147 1907 238 1950 amor
270 1887 389 1950 civium
421 1890 454 1950 et
485 1907 552 1950 non
580 1886 630 1950 116
663 1889 879 1969 expresserat,
911 1887 1036 1951 nullam

59 1974 143 2040 ibuit
165 1974 320 2038 invidiam
343 1995 524 2059 magnaque
543 1973 607 2038 1616
626 1973 738 2059 gloria.
774 1975 856 2038 bene
875 1995 952 2059 crgo
967 1974 1035 2038 Pit·
1054 1991 1071 2039 2

59 2082 119 2128 666
143 2062 208 2146 1116,
232 2062 287 2145 qui
310 2063 345 2126 io
368 2066 493 2145 septem
517 2062 700 2145 sapientum
722 2082 857 2126 numero
876 2066 926 2126 est
944 2062 1035 2126 habi-

59 2167 97 2234 16,
138 2171 211 2215 6661
242 2149 432 2233 Mytilenaei
463 2150 567 2213 multa
598 2149 689 2214 milia
722 2149 870 2236 iugerum
902 2150 973 2238 agri
1005 2150 1035 2214 61

59 2238 153 2303 66611
181 2239 308 2320 darent,
332 2237 454 2322 ‘nolite
473 2260 530 2302 616
550 2237 628 2321 166,’
649 2238 756 2321 inquit
779 2238 824 2301 ‘id
846 2238 928 2303 mihi
950 2240 1036 2323 dare,

59 2326 112 2391 rod
128 2326 225 2390 multi
238 2325 411 2409 invideant,
429 2325 538 2408 plures
553 2326 652 2389 etiam
668 2326 905 2409 concupiscant.
936 2347 1035 2410 quare

59 2413 163 2479 :istis
186 2414 263 2478 nolo
287 2413 426 2497 amplius
455 2434 552 2497 quarn
579 2417 709 2489 centum
736 2415 862 2499 iugera,
891 2436 973 2497 quae
1001 2417 1035 2478 et

59 2520 133 2566 66111
166 2501 265 2565 661161
299 2501 497 2585 aequitatem
525 2505 558 2564 et
584 2506 727 2566 vestram
753 2503 956 2566 voluntatem
988 2502 1035 2566 in·

59 2587 155 2655 cent.2
201 2611 276 2653 nam
308 2611 408 2673 parva
434 2611 567 2653 munera
595 2589 733 2673 diutina,
765 2590 942 2674 locupletia
967 2611 1034 2654 non

59 2677 160 2762 ropria
183 2698 252 2741 6666
276 2682 478 2742 consuerunt.
515 2678 572 2741 illa
594 2678 696 2762 igitur
720 2698 838 2741 corona
861 2682 1068 2742 6666666166

59 2760 249 2848 hrasybulus
280 2787 384 2849 neque
416 2765 556 2848 amplius
588 2764 758 2848 requisivit
790 2786 893 2848 neque
926 2788 1033 2850 quem·

59 2870 123 2918 ram
142 2853 265 2917 honore
284 2874 318 2917 66
338 2854 550 2919 antecessisse
568 2852 775 2916 existimavit.
811 2852 866 2917 hic
885 2854 1034 2938 sequenti
1051 2868 1072 2917 4

59 2956 184 3025 mpore,
207 2962 279 3014 curn
302 2945 433 3024 praetor
456 2942 594 3006 classem
617 2941 657 3003 ad
681 2938 829 3004 Ciliciam
852 2942 1033 3024 appulisset

59 3044 128 3113 tque
157 3024 238 3093 satis
266 3029 437 3114 diligenter
464 3029 499 3092 in
527 3028 642 3093 castris
666 3027 734 3091 eius
758 3031 931 3111 agerentur
953 3029 1035 3116 vigi·

59 3132 101 3200 16,
129 3139 150 3180 6
177 3117 324 3180 1161116116
353 3138 391 3181 611
419 3117 537 3202 oppido
564 3120 664 3181 noctu
691 3115 859 3199 eruptione
887 3116 1033 3180 1666616

59 3198 236 3271 1161666616
259 3203 450 3270 interfectus
474 3209 533 3268 est.

419 3431 626 3444 m
